
<record>
  <leader>03033cam a22004098i 4500</leader>
  <controlfield tag="001">20918584</controlfield>
  <controlfield tag="005">20200103082758.0</controlfield>
  <controlfield tag="008">190405s2019    enk      b    001 0 eng  </controlfield>
  <datafield tag="906" ind1=" " ind2=" ">
    <subfield code="a">0</subfield>
    <subfield code="b">ibc</subfield>
    <subfield code="c">orignew</subfield>
    <subfield code="d">1</subfield>
    <subfield code="e">ecip</subfield>
    <subfield code="f">20</subfield>
    <subfield code="g">y-gencatlg</subfield>
  </datafield>
  <datafield tag="925" ind1="0" ind2=" ">
    <subfield code="a">acquire</subfield>
    <subfield code="b">1 shelf copy</subfield>
    <subfield code="x">policy default</subfield>
  </datafield>
  <datafield tag="955" ind1=" " ind2=" ">
    <subfield code="b">xk16 2019-04-05</subfield>
    <subfield code="i">xk16 2019-04-05 ONIX to Policy</subfield>
    <subfield code="e">td14 202 0-01-03 revised class proposal to reflect contents of work; to Dewey</subfield>
  </datafield>
  <datafield tag="010" ind1=" " ind2=" ">
    <subfield code="a">  2019000691</subfield>
  </datafield>
  <datafield tag="020" ind1=" " ind2=" ">
    <subfield code="a">9781108482271 (hardback)</subfield>
  </datafield>
  <datafield tag="020" ind1=" " ind2=" ">
    <subfield code="a">9781108711807 (paperback)</subfield>
  </datafield>
  <datafield tag="040" ind1=" " ind2=" ">
    <subfield code="a">DLC</subfield>
    <subfield code="b">eng</subfield>
    <subfield code="e">rda</subfield>
    <subfield code="c">DLC</subfield>
  </datafield>
  <datafield tag="042" ind1=" " ind2=" ">
    <subfield code="a">pcc</subfield>
  </datafield>
  <datafield tag="043" ind1=" " ind2=" ">
    <subfield code="a">e-uk-en</subfield>
  </datafield>
  <datafield tag="050" ind1="0" ind2="0">
    <subfield code="a">PR418.N67</subfield>
    <subfield code="b">P45 2019</subfield>
  </datafield>
  <datafield tag="084" ind1=" " ind2=" ">
    <subfield code="a">LIT004120</subfield>
    <subfield code="2">bisacsh</subfield>
  </datafield>
  <datafield tag="100" ind1="1" ind2=" ">
    <subfield code="a">Phillips, Harriet,</subfield>
    <subfield code="d">1985-</subfield>
    <subfield code="e">author.</subfield>
  </datafield>
  <datafield tag="245" ind1="1" ind2="0">
    <subfield code="a">Nostalgia in print and performance, 1510-1613 :</subfield>
    <subfield code="b">merry worlds /</subfield>
    <subfield code="c">Harriet Phillips, Queen Mary University of London.</subfield>
  </datafield>
  <datafield tag="263" ind1=" " ind2=" ">
    <subfield code="a">1906</subfield>
  </datafield>
  <datafield tag="264" ind1=" " ind2="1">
    <subfield code="a">Cambridge, United Kindgom ; New York :</subfield>
    <subfield code="b">Cambridge University Press,</subfield>
    <subfield code="c">2019.</subfield>
  </datafield>
  <datafield tag="300" ind1=" " ind2=" ">
    <subfield code="a">pages cm</subfield>
  </datafield>
  <datafield tag="336" ind1=" " ind2=" ">
    <subfield code="a">text</subfield>
    <subfield code="b">txt</subfield>
    <subfield code="2">rdacontent</subfield>
  </datafield>
  <datafield tag="337" ind1=" " ind2=" ">
    <subfield code="a">unmediated</subfield>
    <subfield code="b">n</subfield>
    <subfield code="2">rdamedia</subfield>
  </datafield>
  <datafield tag="338" ind1=" " ind2=" ">
    <subfield code="a">volume</subfield>
    <subfield code="b">nc</subfield>
    <subfield code="2">rdacarrier</subfield>
  </datafield>
  <datafield tag="520" ind1=" " ind2=" ">
    <subfield code="a">&quot;For many people in early modern England the Reformation turned the past into another country: the &apos;merry world&apos;. Nostalgia for this imaginary time, both widespread and widely contested, was commodified by a burgeoning entertainment industry. This book offers a new perspective on the making of &apos;Merry England&apos;, arguing that it was driven both by the desires of audiences and the marketing strategies of writers, publishers and playing companies. Nostalgia in Print and Performance juxtaposes plays with ballads and pamphlets, just as they were experienced by their first consumers. It argues that these commercial fictions played a central role in promoting and shaping nostalgia. At the same time, the fantasy of the merry world offered a powerfully affective language for conceptualising longing. For playwrights like Shakespeare and others writing for the commercial stage, it became a way to think through the dynamics of audience desire and the aesthetics of repetition&quot;--</subfield>
    <subfield code="c">Provided by publisher.</subfield>
  </datafield>
  <datafield tag="504" ind1=" " ind2=" ">
    <subfield code="a">Includes bibliographical references and index.</subfield>
  </datafield>
  <datafield tag="505" ind1="8" ind2=" ">
    <subfield code="a">Introduction: the merry worlds of merry England -- Merry worlds: Tudor nostalgia -- Dreamless art for the people: cheap print and catharsis -- Common people: drama and dialogue -- Martin and anti-Martin, 1588-90 -- Merry histories, 1598-99 -- Shakespeare&apos;s Ballads, 1598-1610 -- The merry worlds of Windsor in 1600 -- Epilogue.</subfield>
  </datafield>
  <datafield tag="650" ind1=" " ind2="0">
    <subfield code="a">English literature</subfield>
    <subfield code="y">Early modern, 1500-1700</subfield>
    <subfield code="x">History and criticism.</subfield>
  </datafield>
  <datafield tag="650" ind1=" " ind2="0">
    <subfield code="a">Nostalgia in literature.</subfield>
  </datafield>
  <datafield tag="650" ind1=" " ind2="0">
    <subfield code="a">Popular literature</subfield>
    <subfield code="z">England</subfield>
    <subfield code="x">History and criticism.</subfield>
  </datafield>
  <datafield tag="650" ind1=" " ind2="0">
    <subfield code="a">Popular culture and literature</subfield>
    <subfield code="z">England</subfield>
    <subfield code="x">History</subfield>
    <subfield code="y">16th century.</subfield>
  </datafield>
  <datafield tag="650" ind1=" " ind2="0">
    <subfield code="a">Nostalgia</subfield>
    <subfield code="z">England</subfield>
    <subfield code="x">History.</subfield>
  </datafield>
  <datafield tag="650" ind1=" " ind2="7">
    <subfield code="a">LITERARY CRITICISM / European / English, Irish, Scottish, Welsh.</subfield>
    <subfield code="2">bisacsh</subfield>
  </datafield>
  <datafield tag="963" ind1=" " ind2=" ">
    <subfield code="a">Newgen Knowledge Works; phone: +91-9083252430; email: jobo_oohpub@newgen.co; bc: sreid@cambridge.org</subfield>
  </datafield>
</record>