
<record>
  <leader>05536cam a22004458i 4500</leader>
  <controlfield tag="001">20920106</controlfield>
  <controlfield tag="005">20200103102329.0</controlfield>
  <controlfield tag="008">190401s2019    nyu      b    001 0 eng c</controlfield>
  <datafield tag="906" ind1=" " ind2=" ">
    <subfield code="a">0</subfield>
    <subfield code="b">vip</subfield>
    <subfield code="c">orignew</subfield>
    <subfield code="d">1</subfield>
    <subfield code="e">ecip</subfield>
    <subfield code="f">20</subfield>
    <subfield code="g">y-gencatlg</subfield>
  </datafield>
  <datafield tag="925" ind1="0" ind2=" ">
    <subfield code="a">acquire</subfield>
    <subfield code="b">1 shelf copy</subfield>
    <subfield code="x">policy default</subfield>
  </datafield>
  <datafield tag="955" ind1=" " ind2=" ">
    <subfield code="a">LBSOR</subfield>
    <subfield code="e">re24 2019-04-12 to Dewey</subfield>
    <subfield code="w">re09 2019-04-15 to CIP</subfield>
    <subfield code="a">xn11 2020-01-03 1 copy rec&apos;d., to CIP ver.</subfield>
  </datafield>
  <datafield tag="010" ind1=" " ind2=" ">
    <subfield code="a">  2019009923</subfield>
  </datafield>
  <datafield tag="020" ind1=" " ind2=" ">
    <subfield code="a">9781433151699 (pbk. : alk. paper)</subfield>
  </datafield>
  <datafield tag="020" ind1=" " ind2=" ">
    <subfield code="a">9781433151705 (hardback : alk. paper)</subfield>
  </datafield>
  <datafield tag="020" ind1=" " ind2=" ">
    <subfield code="z">9781433151729 (ebook pdf)</subfield>
  </datafield>
  <datafield tag="020" ind1=" " ind2=" ">
    <subfield code="z">9781433151736 (epub)</subfield>
  </datafield>
  <datafield tag="020" ind1=" " ind2=" ">
    <subfield code="z">9781433151743 (mobi)</subfield>
  </datafield>
  <datafield tag="040" ind1=" " ind2=" ">
    <subfield code="a">LBSOR/DLC</subfield>
    <subfield code="b">eng</subfield>
    <subfield code="c">LBSOR</subfield>
    <subfield code="e">rda</subfield>
    <subfield code="d">DLC</subfield>
  </datafield>
  <datafield tag="042" ind1=" " ind2=" ">
    <subfield code="a">pcc</subfield>
  </datafield>
  <datafield tag="050" ind1="0" ind2="0">
    <subfield code="a">GV742.3</subfield>
    <subfield code="b">.E76 2019</subfield>
  </datafield>
  <datafield tag="082" ind1="0" ind2="0">
    <subfield code="a">070.4/49796</subfield>
    <subfield code="2">23</subfield>
  </datafield>
  <datafield tag="245" ind1="0" ind2="0">
    <subfield code="a">ESPN and the changing sports media landscape /</subfield>
    <subfield code="c">[edited by] Greg G. Armfield, John McGuire, and Adam Earnheardt.</subfield>
  </datafield>
  <datafield tag="263" ind1=" " ind2=" ">
    <subfield code="a">1111</subfield>
  </datafield>
  <datafield tag="264" ind1=" " ind2="1">
    <subfield code="a">New York :</subfield>
    <subfield code="b">Peter Lang,</subfield>
    <subfield code="c">[2019]</subfield>
  </datafield>
  <datafield tag="300" ind1=" " ind2=" ">
    <subfield code="a">pages cm.</subfield>
  </datafield>
  <datafield tag="336" ind1=" " ind2=" ">
    <subfield code="a">text</subfield>
    <subfield code="2">rdacontent</subfield>
  </datafield>
  <datafield tag="337" ind1=" " ind2=" ">
    <subfield code="a">unmediated</subfield>
    <subfield code="2">rdamedia</subfield>
  </datafield>
  <datafield tag="338" ind1=" " ind2=" ">
    <subfield code="a">volume</subfield>
    <subfield code="2">rdacarrier</subfield>
  </datafield>
  <datafield tag="490" ind1="0" ind2=" ">
    <subfield code="a">Communication, sport, and society,</subfield>
    <subfield code="x">2576-7232 ;</subfield>
    <subfield code="v">vol. 2</subfield>
  </datafield>
  <datafield tag="520" ind1=" " ind2=" ">
    <subfield code="a">&quot;As ESPN faces down its 40th birthday in 2019; this book considers the ways in which ESPN is one again reinventing itself. For example, a new broadcast facility in New York City, the start-up of ESPN+, SportsCenter on Snapchat. In our last book The ESPN Effect (2014), we made the observation ESPN was a pervasive, branded content provider across multiple media platforms, delivering programs and information 24 hours a day, 365 days a year, to influence how sports fans think and feel about the people who play and control these games. This book, in a way, is asking whether that still holds true heading into the 2020s. To be clear, ESPN still plays an influential (some would argue too influential) role in how sports leagues and sports media operate in the United States. But, the idea of the network&apos;s pervasiveness among sports fans and the invincibility it may have felt circa 2011 is being chipped away at by many factors. The 2010s has created a change in the sports media landscape that no one really has a grasp on what is to come in the world of sports media, and where fans will find their favorite games or on what platforms they will watch them. While it is beyond our abilities to make like &quot;Jimmy the Greek&quot; and prognosticate the future, this book provides greater insight as to what has unfolded in the past and what is to come&quot;--</subfield>
    <subfield code="c">Provided by publisher.</subfield>
  </datafield>
  <datafield tag="504" ind1=" " ind2=" ">
    <subfield code="a">Includes bibliographical references and index.</subfield>
  </datafield>
  <datafield tag="505" ind1="0" ind2=" ">
    <subfield code="a">Preface : September 8, 2011 / Greg G. Armfield, John McGuire, and Adam C. Earnheardt -- Sports programming as a public good : a complicated congressional legacy / Stephen W. Dittmore -- ESPN&apos;s search for a sustained global competitive advantage / David Bockino -- A whole new ball game? The changing European sports rights marketplace / Paul Smith -- Ascending as the fantasy giant : ESPN fantasy, mainstreaming fantasy gaming, and the role of Goliath / Brody J. Ruihley and Andrew C. Billings -- ESPN and esports : capturing and joining a rising sport / Steve Young, Sean Fourney, and Braden Bagley -- Tune it or stream it? Can millennials and the internet save ESPN? / Kevin Hull, Miles Romney, and David Cassilo -- ESPN&apos;s double standard? The politics of frame and tone in sports / Ryan Broussard and Jonathan Graffeo -- A fireable offense? Jemele Hill and the rhetoric of public correction / Katherine L. Lavelle -- Jemele Hill, twitter, and ESPN : thinking inside the (potter) box / David Staton -- Adapting to the digital age : ESPN&apos;s crisis communication during the 2015 and 2017 layoffs / J. Scott Smith -- The present (but not future) ESPN ombudsman : levying accountability through the inception of the digital age / Xavier Ramon, José Luis Rojas Torrijos, and Andrew C. Billings -- Sportscenter at 40 : evolving with the times / John McGuire -- ESPN&apos;s evolving mobile motives : development, consumption, competition / Jake Kucek, Zach Humphreys, Adam C. Earnheardt, and Greg G. Armfield -- Creation of the Longhorn Network : shadow of a dying business model / Jared Johnson -- National vs. local : Fox Sports 1 and Fox Sports networks in the 2010s / William M. Kunz -- &quot;Seeking a storybook ending&quot; : examining the future distribution of women&apos;s sporting events / Anji L. Phillips and Dunja Antunovic -- &quot;Tying the brand to something a little bit bigger&quot; : a political economy analysis of ESPNW / Sarah Wolter -- Storytelling at the worldwide leader in sports : an interview with John Walsh, executive vice president of ESPN, retired / Michael L. Butterworth -- Modern pathways of sports consumption : an interview with Paul Melvin, senior director of communications for ESPN / Melvin Lewis -- Sports media in 2020 : patterns, trends, and crystal-ball gazing / Andreas Hebbel-Seeger &amp; Thomas Horky -- Visualizing 2020 : the future of sports media panel discussion : a panel presented at the International Association of Communication and Sports (IACS) 11th summit on communication and sport.</subfield>
  </datafield>
  <datafield tag="610" ind1="2" ind2="0">
    <subfield code="a">ESPN (Television network)</subfield>
  </datafield>
  <datafield tag="650" ind1=" " ind2="0">
    <subfield code="a">Television broadcasting of sports.</subfield>
  </datafield>
  <datafield tag="650" ind1=" " ind2="0">
    <subfield code="a">Sports</subfield>
    <subfield code="x">Social aspects.</subfield>
  </datafield>
  <datafield tag="700" ind1="1" ind2=" ">
    <subfield code="a">Armfield, Greg G.,</subfield>
    <subfield code="e">editor.</subfield>
  </datafield>
  <datafield tag="700" ind1="1" ind2=" ">
    <subfield code="a">McGuire, John,</subfield>
    <subfield code="d">1961-</subfield>
    <subfield code="e">editor.</subfield>
  </datafield>
  <datafield tag="700" ind1="1" ind2=" ">
    <subfield code="a">Earnheardt, Adam C.,</subfield>
    <subfield code="d">1970-</subfield>
    <subfield code="e">editor.</subfield>
  </datafield>
  <datafield tag="963" ind1=" " ind2=" ">
    <subfield code="a">Jackie Pavlovic; phone : 212-647-7700; email : jpavlovic@plang.com; bc : jpavlovic@plang.com</subfield>
  </datafield>
  <datafield tag="985" ind1=" " ind2=" ">
    <subfield code="a">LBSORCIP</subfield>
    <subfield code="d">2019-04-08</subfield>
  </datafield>
</record>