
<record>
  <leader>02191cam a2200349 i 4500</leader>
  <controlfield tag="001">20920646</controlfield>
  <controlfield tag="005">20200103070323.0</controlfield>
  <controlfield tag="008">190408s2019    mdu      b    001 0 eng  </controlfield>
  <datafield tag="906" ind1=" " ind2=" ">
    <subfield code="a">7</subfield>
    <subfield code="b">cbc</subfield>
    <subfield code="c">orignew</subfield>
    <subfield code="d">1</subfield>
    <subfield code="e">ecip</subfield>
    <subfield code="f">20</subfield>
    <subfield code="g">y-gencatlg</subfield>
  </datafield>
  <datafield tag="925" ind1="0" ind2=" ">
    <subfield code="a">acquire</subfield>
    <subfield code="b">1 shelf copy</subfield>
    <subfield code="x">policy default</subfield>
  </datafield>
  <datafield tag="955" ind1=" " ind2=" ">
    <subfield code="b">rk21 2019-04-08</subfield>
    <subfield code="c">rk21 2019-04-08 to rk09 for review</subfield>
    <subfield code="d">rk09 2019-04-09 to Dewey</subfield>
    <subfield code="w">xm06 2019-04-10</subfield>
    <subfield code="a">xn11 2019-12-05 1 copy rec&apos;d., to CIP ver.</subfield>
    <subfield code="a">rk20 2019-12-11 book received in ART</subfield>
    <subfield code="f">rk24 2020-01-03 Telework to BCCD</subfield>
  </datafield>
  <datafield tag="010" ind1=" " ind2=" ">
    <subfield code="a">  2019015068</subfield>
  </datafield>
  <datafield tag="020" ind1=" " ind2=" ">
    <subfield code="a">9781641433136</subfield>
    <subfield code="q">(pbk. ;</subfield>
    <subfield code="q">alk. paper)</subfield>
  </datafield>
  <datafield tag="020" ind1=" " ind2=" ">
    <subfield code="z">9781641433143</subfield>
    <subfield code="q">(electronic)</subfield>
  </datafield>
  <datafield tag="040" ind1=" " ind2=" ">
    <subfield code="a">DLC</subfield>
    <subfield code="b">eng</subfield>
    <subfield code="e">rda</subfield>
    <subfield code="c">DLC</subfield>
    <subfield code="d">DLC</subfield>
  </datafield>
  <datafield tag="042" ind1=" " ind2=" ">
    <subfield code="a">pcc</subfield>
  </datafield>
  <datafield tag="050" ind1="0" ind2="0">
    <subfield code="a">TD1052</subfield>
    <subfield code="b">.P53 2019</subfield>
  </datafield>
  <datafield tag="082" ind1="0" ind2="0">
    <subfield code="a">628.5/5</subfield>
    <subfield code="2">23</subfield>
  </datafield>
  <datafield tag="100" ind1="1" ind2=" ">
    <subfield code="a">Pichtel, John,</subfield>
    <subfield code="d">1957-</subfield>
    <subfield code="e">author.</subfield>
  </datafield>
  <datafield tag="245" ind1="1" ind2="0">
    <subfield code="a">Fundamentals of site remediation :</subfield>
    <subfield code="b">for metal and hydrocarbon-cotaminated soils /</subfield>
    <subfield code="c">John Pichtel.</subfield>
  </datafield>
  <datafield tag="250" ind1=" " ind2=" ">
    <subfield code="a">3rd edition.</subfield>
  </datafield>
  <datafield tag="264" ind1=" " ind2="1">
    <subfield code="a">Lanham, MD :</subfield>
    <subfield code="b">Bernan Press, an imprint of The Rowman &amp; Littlefield Publishing Group, Inc.,</subfield>
    <subfield code="c">[2019]</subfield>
  </datafield>
  <datafield tag="300" ind1=" " ind2=" ">
    <subfield code="a">ix, 475 pages :</subfield>
    <subfield code="b">illustrations ;</subfield>
    <subfield code="c">23 cm</subfield>
  </datafield>
  <datafield tag="336" ind1=" " ind2=" ">
    <subfield code="a">text</subfield>
    <subfield code="b">txt</subfield>
    <subfield code="2">rdacontent</subfield>
  </datafield>
  <datafield tag="337" ind1=" " ind2=" ">
    <subfield code="a">unmediated</subfield>
    <subfield code="b">n</subfield>
    <subfield code="2">rdamedia</subfield>
  </datafield>
  <datafield tag="338" ind1=" " ind2=" ">
    <subfield code="a">volume</subfield>
    <subfield code="b">nc</subfield>
    <subfield code="2">rdacarrier</subfield>
  </datafield>
  <datafield tag="504" ind1=" " ind2=" ">
    <subfield code="a">Includes bibliographical references and index.</subfield>
  </datafield>
  <datafield tag="505" ind1="0" ind2=" ">
    <subfield code="a">How Did We Get Here? A Brief History -- Chemistry of Common Contaminant Elements -- Hydrocarbon Chemistry and Properties -- Subsurface Properties and Remediation --  Environmental Site Assessments --  Isolation of the Contaminant Plume -- Extraction Processes -- Solidification/Stabilization -- Soil Vapor Extraction --Permeable Reactive Barriers -- Microbial Remediation -- Phytoremediation -- Innovative Technologies -- Nanotechnology in Site Remediation -- Technology Selection --Revegetation of the Completed Site.</subfield>
  </datafield>
  <datafield tag="520" ind1=" " ind2=" ">
    <subfield code="a">&quot;New, updated edition of the acclaimed guide for metal- and hydrocarbon-contaminated soils. Concise and comprehensive, with the latest field remediation technologies, including nanotechnology and revegatation&quot;--</subfield>
    <subfield code="c">Provided by publisher.</subfield>
  </datafield>
  <datafield tag="650" ind1=" " ind2="0">
    <subfield code="a">Hazardous waste site remediation.</subfield>
  </datafield>
  <datafield tag="650" ind1=" " ind2="0">
    <subfield code="a">Metals</subfield>
    <subfield code="x">Environmental aspects.</subfield>
  </datafield>
  <datafield tag="650" ind1=" " ind2="0">
    <subfield code="a">Hydrocarbons</subfield>
    <subfield code="x">Environmental aspects.</subfield>
  </datafield>
</record>