
<record>
  <leader>02900cam a22003738i 4500</leader>
  <controlfield tag="001">20926789</controlfield>
  <controlfield tag="005">20200103161659.0</controlfield>
  <controlfield tag="008">190411s2019    nyu      bf   001 0 eng  </controlfield>
  <datafield tag="906" ind1=" " ind2=" ">
    <subfield code="a">0</subfield>
    <subfield code="b">vip</subfield>
    <subfield code="c">orignew</subfield>
    <subfield code="d">1</subfield>
    <subfield code="e">ecip</subfield>
    <subfield code="f">20</subfield>
    <subfield code="g">y-gencatlg</subfield>
  </datafield>
  <datafield tag="925" ind1="0" ind2=" ">
    <subfield code="a">acquire</subfield>
    <subfield code="b">1 shelf copy</subfield>
    <subfield code="x">policy default</subfield>
  </datafield>
  <datafield tag="955" ind1=" " ind2=" ">
    <subfield code="b">rl11 2019-04-11</subfield>
    <subfield code="i">rl11 2019-04-11 ONIX to Dewey</subfield>
    <subfield code="w">xm08 2019-04-12 (telework)</subfield>
    <subfield code="a">xn11 2020-01-03 1 copy rec&apos;d., to CIP ver.</subfield>
  </datafield>
  <datafield tag="010" ind1=" " ind2=" ">
    <subfield code="a">  2019017084</subfield>
  </datafield>
  <datafield tag="020" ind1=" " ind2=" ">
    <subfield code="a">9780071820257 (paperback)</subfield>
  </datafield>
  <datafield tag="040" ind1=" " ind2=" ">
    <subfield code="a">DLC</subfield>
    <subfield code="b">eng</subfield>
    <subfield code="c">DLC</subfield>
    <subfield code="e">rda</subfield>
  </datafield>
  <datafield tag="042" ind1=" " ind2=" ">
    <subfield code="a">pcc</subfield>
  </datafield>
  <datafield tag="050" ind1="0" ind2="0">
    <subfield code="a">RJ251</subfield>
    <subfield code="b">.C55 2019</subfield>
  </datafield>
  <datafield tag="082" ind1="0" ind2="0">
    <subfield code="a">618.92/01</subfield>
    <subfield code="2">23</subfield>
  </datafield>
  <datafield tag="084" ind1=" " ind2=" ">
    <subfield code="a">MED069000</subfield>
    <subfield code="2">bisacsh</subfield>
  </datafield>
  <datafield tag="245" ind1="0" ind2="0">
    <subfield code="a">Clinical guidelines in neonatology /</subfield>
    <subfield code="c">editors, Lucky Jain, MD, MBA, George W. Brumley Jr. Professor and Chair, Department of Pediatrics Emory, University School of Medicine, Chief Academic Officer, Children&apos;s Healthcare of Atlanta, Executive Director, Emory and   Children&apos;s Pediatric Institute, Atlanta, Georgia, Gautham K. Suresh, MD, DM, MS, FAAP, Professor of Pediatrics, Baylor College of Medicine, Section Head and Service Chief of Neonatology, Texas Children&apos;s Hospital, Houston, Texas.</subfield>
  </datafield>
  <datafield tag="263" ind1=" " ind2=" ">
    <subfield code="a">1111</subfield>
  </datafield>
  <datafield tag="264" ind1=" " ind2="1">
    <subfield code="a">New York :</subfield>
    <subfield code="b">McGraw-Hill Education / Medical,</subfield>
    <subfield code="c">[2019]</subfield>
  </datafield>
  <datafield tag="300" ind1=" " ind2=" ">
    <subfield code="a">pages cm</subfield>
  </datafield>
  <datafield tag="336" ind1=" " ind2=" ">
    <subfield code="a">text</subfield>
    <subfield code="b">txt</subfield>
    <subfield code="2">rdacontent</subfield>
  </datafield>
  <datafield tag="337" ind1=" " ind2=" ">
    <subfield code="a">unmediated</subfield>
    <subfield code="b">n</subfield>
    <subfield code="2">rdamedia</subfield>
  </datafield>
  <datafield tag="338" ind1=" " ind2=" ">
    <subfield code="a">volume</subfield>
    <subfield code="b">nc</subfield>
    <subfield code="2">rdacarrier</subfield>
  </datafield>
  <datafield tag="520" ind1=" " ind2=" ">
    <subfield code="a">&quot;The first neonatal handbook to focus on clinical protocols and best management practices Clinical Care Paths in Neonatal-Perinatal Medicine provides a compilation of the most current and authoritative clinical care recommendations for fast, effective care of neonatal patients. Spanning all major areas of neonatal care, the book bypasses wordy discussion in favor of concise bulleted points and ready-to-apply evidence-based management guidelines. Each chapter follows a uniform presentation that includes bulleted key features and management guideline summaries. One of the goals of Clinical Care Paths in Neonatal-Perinatal Medicine is to reduce practice variation and enable providers to deliver the best value for the healthcare dollars being spent. Chapters focus on clinical management practices and evidence-based supporting data rather than lengthy descriptions of disease and practice. References are limited to &quot;top ten&quot; articles and resources&quot;--</subfield>
    <subfield code="c">Provided by publisher.</subfield>
  </datafield>
  <datafield tag="520" ind1=" " ind2=" ">
    <subfield code="a">&quot;The only neonatal handbook focused on clinical protocols and management for fast, effective care&quot;--</subfield>
    <subfield code="c">Provided by publisher.</subfield>
  </datafield>
  <datafield tag="650" ind1=" " ind2="0">
    <subfield code="a">Neonatology</subfield>
    <subfield code="v">Handbooks, manuals, etc.</subfield>
  </datafield>
  <datafield tag="650" ind1=" " ind2="0">
    <subfield code="a">Neonatology</subfield>
    <subfield code="x">Research</subfield>
    <subfield code="v">Handbooks, manuals, etc.</subfield>
  </datafield>
  <datafield tag="650" ind1=" " ind2="0">
    <subfield code="a">Pediatrics</subfield>
    <subfield code="v">Handbooks, manuals, etc.</subfield>
  </datafield>
  <datafield tag="650" ind1=" " ind2="7">
    <subfield code="a">MEDICAL / Pediatrics.</subfield>
    <subfield code="2">bisacsh</subfield>
  </datafield>
  <datafield tag="700" ind1="1" ind2=" ">
    <subfield code="a">Jain, Lucky,</subfield>
    <subfield code="e">editor.</subfield>
  </datafield>
  <datafield tag="700" ind1="1" ind2=" ">
    <subfield code="a">Suresh, Gautham K.,</subfield>
    <subfield code="e">editor.</subfield>
  </datafield>
  <datafield tag="963" ind1=" " ind2=" ">
    <subfield code="a">Leah Carton; phone: 646-7663118; email: leah.carton@mheducation.com; bc: carol.morris@mheducation.com</subfield>
  </datafield>
</record>