
<record>
  <leader>02302cam a22003375i 4500</leader>
  <controlfield tag="001">20929182</controlfield>
  <controlfield tag="005">20200103150443.0</controlfield>
  <controlfield tag="008">181031t20182018ne       b    000 1ddut d</controlfield>
  <datafield tag="906" ind1=" " ind2=" ">
    <subfield code="a">0</subfield>
    <subfield code="b">ibc</subfield>
    <subfield code="c">copycat</subfield>
    <subfield code="d">3</subfield>
    <subfield code="e">ncip</subfield>
    <subfield code="f">20</subfield>
    <subfield code="g">y-gencatlg</subfield>
  </datafield>
  <datafield tag="925" ind1="0" ind2=" ">
    <subfield code="a">acquire</subfield>
    <subfield code="b">1 shelf copy</subfield>
    <subfield code="x">policy default</subfield>
  </datafield>
  <datafield tag="955" ind1=" " ind2=" ">
    <subfield code="a">ve13 2019-04-12</subfield>
    <subfield code="b">bd34 2019-04-13</subfield>
    <subfield code="b">bd34 2020-01-03 z-processor</subfield>
    <subfield code="i">bd34 2020-01-03</subfield>
  </datafield>
  <datafield tag="010" ind1=" " ind2=" ">
    <subfield code="a">  2019388321</subfield>
  </datafield>
  <datafield tag="020" ind1=" " ind2=" ">
    <subfield code="a">9789026333491</subfield>
    <subfield code="q">(cloth)</subfield>
  </datafield>
  <datafield tag="020" ind1=" " ind2=" ">
    <subfield code="a">9026333498</subfield>
    <subfield code="q">(cloth)</subfield>
  </datafield>
  <datafield tag="035" ind1=" " ind2=" ">
    <subfield code="a">(OCoLC)on1050726643</subfield>
  </datafield>
  <datafield tag="040" ind1=" " ind2=" ">
    <subfield code="a">ERASA</subfield>
    <subfield code="b">eng</subfield>
    <subfield code="c">ERASA</subfield>
    <subfield code="e">rda</subfield>
    <subfield code="d">QGK</subfield>
    <subfield code="d">IUL</subfield>
    <subfield code="d">DLC</subfield>
  </datafield>
  <datafield tag="042" ind1=" " ind2=" ">
    <subfield code="a">lccopycat</subfield>
  </datafield>
  <datafield tag="050" ind1="0" ind2="0">
    <subfield code="a">PT5882.18.U57</subfield>
    <subfield code="b">Z64 2018</subfield>
  </datafield>
  <datafield tag="082" ind1="0" ind2="4">
    <subfield code="a">839.31</subfield>
  </datafield>
  <datafield tag="100" ind1="1" ind2=" ">
    <subfield code="a">Hulst, Auke,</subfield>
    <subfield code="d">1975-</subfield>
    <subfield code="e">author.</subfield>
  </datafield>
  <datafield tag="245" ind1="1" ind2="0">
    <subfield code="a">Zoeklicht op het gazon /</subfield>
    <subfield code="c">Auke Hulst.</subfield>
  </datafield>
  <datafield tag="264" ind1=" " ind2="1">
    <subfield code="a">Amsterdam :</subfield>
    <subfield code="b">Ambo/Anthos,</subfield>
    <subfield code="c">[2018]</subfield>
  </datafield>
  <datafield tag="264" ind1=" " ind2="4">
    <subfield code="c">©2018</subfield>
  </datafield>
  <datafield tag="300" ind1=" " ind2=" ">
    <subfield code="a">188 pages, 1 unnumbered page ;</subfield>
    <subfield code="c">21 cm</subfield>
  </datafield>
  <datafield tag="336" ind1=" " ind2=" ">
    <subfield code="a">text</subfield>
    <subfield code="b">txt</subfield>
    <subfield code="2">rdacontent</subfield>
  </datafield>
  <datafield tag="337" ind1=" " ind2=" ">
    <subfield code="a">unmediated</subfield>
    <subfield code="b">n</subfield>
    <subfield code="2">rdamedia</subfield>
  </datafield>
  <datafield tag="338" ind1=" " ind2=" ">
    <subfield code="a">volume</subfield>
    <subfield code="b">nc</subfield>
    <subfield code="2">rdacarrier</subfield>
  </datafield>
  <datafield tag="504" ind1=" " ind2=" ">
    <subfield code="a">Includes bibliographical references (pages 188-189).</subfield>
  </datafield>
  <datafield tag="520" ind1="8" ind2=" ">
    <subfield code="a">In &apos;Zoeklicht op het gazon&apos; onderzoekt Auke Hulst de mysterieuze verdwijning van vicepresident Richard Nixon in 1960. Eerder verschenen van zijn hand &apos;En ik herinner me Titus Broederland&apos;, &apos;Slaap zacht, Johnny Idaho&apos; en &apos;Kinderen van het Ruige Land&apos;. Auke Hulst beschrijft in &apos;Zoeklicht op het gazon&apos; op intelligente wijze de invloed van karakters op de loop van de geschiedenis van de Amerikaanse politiek. Het resultaat is een historisch psychologisch portret dat uiterst actueel is. 8 november 1960, Zuid-Californië. Vicepresident Richard Nixon heeft zojuist zijn stem uitgebracht voor de presidentsverkiezingen waarin hij het opneemt tegen de talentvolle senator John F. Kennedy. Het belooft de spannendste verkiezing ooit te worden, een strijd tussen twee werelden: de verbeten Quaker versus het gelikte rijkeluiskind. Dan verdwijnt Nixon opeens - op een roadtrip die hem naar Tijuana, Mexico zal brengen. Vanwaar dat impulsieve vluchtgedrag? En welke beschadigingenopgelopen in een leven dat in armoede begon, in een gezin waar de dood altijd boven tafel hing, zullen bepalend zijn voor de fatale fouten die jaren later het vonnis zullen voltrekken over Nixons carrière?</subfield>
  </datafield>
  <datafield tag="923" ind1=" " ind2=" ">
    <subfield code="d">04-04-19</subfield>
    <subfield code="n">I-20117245</subfield>
    <subfield code="s">proquest</subfield>
  </datafield>
  <datafield tag="985" ind1=" " ind2=" ">
    <subfield code="e">VENDOR LOAD</subfield>
  </datafield>
</record>