
<record>
  <leader>02782cam a22003857i 4500</leader>
  <controlfield tag="001">20939096</controlfield>
  <controlfield tag="005">20200103151326.0</controlfield>
  <controlfield tag="008">190419s2016    waua     6    000 1 eng  </controlfield>
  <datafield tag="906" ind1=" " ind2=" ">
    <subfield code="a">7</subfield>
    <subfield code="b">cbc</subfield>
    <subfield code="c">origres</subfield>
    <subfield code="d">2</subfield>
    <subfield code="e">ncip</subfield>
    <subfield code="f">20</subfield>
    <subfield code="g">y-gencatlg</subfield>
  </datafield>
  <datafield tag="925" ind1="0" ind2=" ">
    <subfield code="a">acquire</subfield>
    <subfield code="b">1 shelf copy</subfield>
    <subfield code="x">policy default 2019-04-19</subfield>
  </datafield>
  <datafield tag="955" ind1=" " ind2=" ">
    <subfield code="b">sr03 2019-04-19 z-processor</subfield>
  </datafield>
  <datafield tag="010" ind1=" " ind2=" ">
    <subfield code="a">  2019218752</subfield>
  </datafield>
  <datafield tag="040" ind1=" " ind2=" ">
    <subfield code="a">DLC</subfield>
    <subfield code="b">eng</subfield>
    <subfield code="e">rda</subfield>
    <subfield code="c">DLC</subfield>
  </datafield>
  <datafield tag="043" ind1=" " ind2=" ">
    <subfield code="a">n-us-wa</subfield>
  </datafield>
  <datafield tag="050" ind1="0" ind2="0">
    <subfield code="a">Comic Book 15953</subfield>
  </datafield>
  <datafield tag="100" ind1="1" ind2=" ">
    <subfield code="a">Fox, Deborah A.,</subfield>
    <subfield code="e">author</subfield>
  </datafield>
  <datafield tag="245" ind1="1" ind2="0">
    <subfield code="a">Everett massacre :</subfield>
    <subfield code="b">a graphic novel /</subfield>
    <subfield code="c">Deborah A. Fox.</subfield>
  </datafield>
  <datafield tag="264" ind1=" " ind2="1">
    <subfield code="a">[Everett, Washington] :</subfield>
    <subfield code="b">Historic Everett,</subfield>
    <subfield code="c">[2016]</subfield>
  </datafield>
  <datafield tag="264" ind1=" " ind2="4">
    <subfield code="a">©2016</subfield>
  </datafield>
  <datafield tag="300" ind1=" " ind2=" ">
    <subfield code="a">23 pages :</subfield>
    <subfield code="b">black-and-white illustrations ;</subfield>
    <subfield code="c">26 cm</subfield>
  </datafield>
  <datafield tag="336" ind1=" " ind2=" ">
    <subfield code="a">text</subfield>
    <subfield code="b">txt</subfield>
    <subfield code="2">rdacontent</subfield>
  </datafield>
  <datafield tag="336" ind1=" " ind2=" ">
    <subfield code="a">still image</subfield>
    <subfield code="b">sti</subfield>
    <subfield code="2">rdacontent</subfield>
  </datafield>
  <datafield tag="337" ind1=" " ind2=" ">
    <subfield code="a">unmediated</subfield>
    <subfield code="b">n</subfield>
    <subfield code="2">rdamedia</subfield>
  </datafield>
  <datafield tag="338" ind1=" " ind2=" ">
    <subfield code="a">volume</subfield>
    <subfield code="b">nc</subfield>
    <subfield code="2">rdacarrier</subfield>
  </datafield>
  <datafield tag="500" ind1=" " ind2=" ">
    <subfield code="a">Cover title.</subfield>
  </datafield>
  <datafield tag="500" ind1=" " ind2=" ">
    <subfield code="a">&quot;The economic depression of 1915 deepens through a tough winter and continues into 1916. Unions--once powerful in Everett, Washington--splinter like brittle wood in this Pacific Northwest logging town. Desperate workers break union ranks of choose a picket line. Out-of-towners with their own solutions add tinder to smoldering tensions, and a bully sheriff is intent on crushing them. Caught in the matrix of loyalties is Alice Emery, a 13-year-old girl. Whispers of violence, vigilante justice and retaliation heat the mill town, and finally climax in November, in a murderous battle known as &quot;The Everett Massacre.&quot;--Cover, page [4].</subfield>
  </datafield>
  <datafield tag="520" ind1=" " ind2=" ">
    <subfield code="a">&quot;The EVERETT MASSACRE is a 24-page graphic novel depicting the last day leading up to the deaths of seven people. It was the ultimate result of a labor dispute between shingle weavers and lumber mill owners on November 5, 1916 in Everett, Washington.    The graphic novel tells the true tale set against a fictional premise involving three children that get caught in the workers&apos; conflict as the workers strike for an eight hour workday and the restoration of garnished wages. The narrator is Ernest P. Marsh, a true life hero and labor mediator that lived from 1877 to 1963.&quot;--publisher&apos;s description, Historic Everett website, viewed April 19, 2019.</subfield>
    <subfield code="u">https://historiceverett.org/2016/09/the-everett-massacre-a-graphic-novel/</subfield>
  </datafield>
  <datafield tag="610" ind1="2" ind2="0">
    <subfield code="a">International Shingle Weavers Union</subfield>
    <subfield code="v">Fiction.</subfield>
  </datafield>
  <datafield tag="610" ind1="2" ind2="0">
    <subfield code="a">International Workers of the World</subfield>
    <subfield code="v">Fiction</subfield>
  </datafield>
  <datafield tag="651" ind1=" " ind2="0">
    <subfield code="a">Everett (Wash.)</subfield>
    <subfield code="x">History</subfield>
    <subfield code="v">Fiction.</subfield>
  </datafield>
  <datafield tag="650" ind1=" " ind2="0">
    <subfield code="a">Everett Massacre, Everett, Wash., 1916</subfield>
    <subfield code="v">Fiction.</subfield>
  </datafield>
  <datafield tag="650" ind1=" " ind2="0">
    <subfield code="a">Labor disputes</subfield>
    <subfield code="z">Washington (State)</subfield>
    <subfield code="z">Everett</subfield>
    <subfield code="v">Fiction.</subfield>
  </datafield>
  <datafield tag="650" ind1=" " ind2="0">
    <subfield code="a">Lumbermen</subfield>
    <subfield code="z">Washington (State)</subfield>
    <subfield code="z">Everett</subfield>
    <subfield code="v">Fiction.</subfield>
  </datafield>
  <datafield tag="650" ind1=" " ind2="0">
    <subfield code="a">Massacres</subfield>
    <subfield code="z">Washington (State)</subfield>
    <subfield code="z">Everett</subfield>
    <subfield code="v">Fiction.</subfield>
  </datafield>
  <datafield tag="710" ind1="2" ind2=" ">
    <subfield code="a">Small Press Expo Collection (Library of Congress)</subfield>
    <subfield code="5">DLC</subfield>
  </datafield>
</record>