
<record>
  <leader>04069cam a2200457 i 4500</leader>
  <controlfield tag="001">20940237</controlfield>
  <controlfield tag="005">20200103121334.0</controlfield>
  <controlfield tag="008">190306s2018    ru       b    100 0 rus  </controlfield>
  <datafield tag="906" ind1=" " ind2=" ">
    <subfield code="a">0</subfield>
    <subfield code="b">ibc</subfield>
    <subfield code="c">origres</subfield>
    <subfield code="d">2</subfield>
    <subfield code="e">ncip</subfield>
    <subfield code="f">20</subfield>
    <subfield code="g">y-nonroman</subfield>
  </datafield>
  <datafield tag="925" ind1="0" ind2=" ">
    <subfield code="a">acquire</subfield>
    <subfield code="b">1 shelf copy</subfield>
    <subfield code="x">PR 2019-06-17</subfield>
  </datafield>
  <datafield tag="955" ind1=" " ind2=" ">
    <subfield code="a">ve16 2019-04-19</subfield>
    <subfield code="b">fc69 2019-10-11 telework to law for cat</subfield>
    <subfield code="i">xg10 2020-01-03 (Telework) to BCCD</subfield>
  </datafield>
  <datafield tag="010" ind1=" " ind2=" ">
    <subfield code="a">  2019420761</subfield>
  </datafield>
  <datafield tag="020" ind1=" " ind2=" ">
    <subfield code="a">9785951608376</subfield>
  </datafield>
  <datafield tag="035" ind1=" " ind2=" ">
    <subfield code="a">(RuMoEVIS)ev1263744B</subfield>
  </datafield>
  <datafield tag="040" ind1=" " ind2=" ">
    <subfield code="a">DLC</subfield>
    <subfield code="b">eng</subfield>
    <subfield code="e">rda</subfield>
    <subfield code="c">DLC</subfield>
  </datafield>
  <datafield tag="041" ind1="0" ind2=" ">
    <subfield code="a">rus</subfield>
    <subfield code="b">eng</subfield>
  </datafield>
  <datafield tag="042" ind1=" " ind2=" ">
    <subfield code="a">pcc</subfield>
  </datafield>
  <datafield tag="043" ind1=" " ind2=" ">
    <subfield code="a">e-ru---</subfield>
  </datafield>
  <datafield tag="050" ind1="0" ind2="0">
    <subfield code="a">KLB4338.A67</subfield>
    <subfield code="b">V78 2018</subfield>
  </datafield>
  <datafield tag="066" ind1=" " ind2=" ">
    <subfield code="c">(N</subfield>
  </datafield>
  <datafield tag="111" ind1="2" ind2=" ">
    <subfield code="6">880-01</subfield>
    <subfield code="a">Vserossiĭskai︠a︡ nauchnai︠a︡ konferent︠s︡i︠a︡ &quot;Ugolovnoe pravo i informatizat︠s︡ii︠a︡ prestupnosti--problemy teorii, praktiki i prepodavanii︠a︡&quot;</subfield>
    <subfield code="d">(2018 :</subfield>
    <subfield code="c">Moskovskiĭ universitet MVD Rossii imeni V.I︠A︡. Kikoti︠a︡. Moskovskiĭ oblastnoĭ filial)</subfield>
  </datafield>
  <datafield tag="880" ind1="2" ind2=" ">
    <subfield code="6">111-01/(N</subfield>
    <subfield code="a">Всероссийская научная конференця &quot;Уголовное право и информатизация преступности--проблемы теории, практики и преподавания&quot;</subfield>
    <subfield code="d">(2018 :</subfield>
    <subfield code="c">Moskovskiĭ universitet MVD Rossii imeni V.I︠A︡. Kikoti︠a︡. Moskovskiĭ oblastnoĭ filial)</subfield>
  </datafield>
  <datafield tag="245" ind1="1" ind2="0">
    <subfield code="6">880-02</subfield>
    <subfield code="a">Ugolovnoe pravo i informatizat︠s︡ii︠a︡ prestupnosti :</subfield>
    <subfield code="b">problemy teorii, praktiki i prepodavanii︠a︡ : sbornik nauchnykh stateĭ  /</subfield>
    <subfield code="c">otvetstvennyĭ redaktor doktor i︠u︡ridicheskikh nauk, professor N.G. Kadnikov = Criminal law and the computerization of crime : problems of the theory, practices and teaching : collection of scientific articles / executive editor, doctor of legal Sciences, Professor  N.G. Kadnikov.</subfield>
  </datafield>
  <datafield tag="880" ind1="1" ind2="0">
    <subfield code="6">245-02/(N</subfield>
    <subfield code="a">Uголовное право и информатизация преступности :</subfield>
    <subfield code="b">проблемы теории, практики и преподавания : сборник научных статей /</subfield>
    <subfield code="c">ответственный редактор доктор юридических наук, профессор Н.Г. Кадников = Criminal law and the computerization of crime : problems of the theory, practices and teaching : collection of scientific articles / executive editor, doctor of legal Sciences, Professor  N.G. Kadnikov.</subfield>
  </datafield>
  <datafield tag="246" ind1="3" ind2="1">
    <subfield code="a">Criminal law and the computerization of crime :</subfield>
    <subfield code="b">problems of the theory, practices and teaching</subfield>
  </datafield>
  <datafield tag="264" ind1=" " ind2="1">
    <subfield code="6">880-03</subfield>
    <subfield code="a">Moskva :</subfield>
    <subfield code="b">I︠U︡risprudent︠s︡ii︠a︡,</subfield>
    <subfield code="c">2018.</subfield>
  </datafield>
  <datafield tag="880" ind1=" " ind2="1">
    <subfield code="6">264-03/(N</subfield>
    <subfield code="a">Москва :</subfield>
    <subfield code="b">Юриспруденция,</subfield>
    <subfield code="c">2018.</subfield>
  </datafield>
  <datafield tag="300" ind1=" " ind2=" ">
    <subfield code="a">420 pages ;</subfield>
    <subfield code="c">21 cm</subfield>
  </datafield>
  <datafield tag="336" ind1=" " ind2=" ">
    <subfield code="a">text</subfield>
    <subfield code="b">txt</subfield>
    <subfield code="2">rdacontent</subfield>
  </datafield>
  <datafield tag="337" ind1=" " ind2=" ">
    <subfield code="a">unmediated</subfield>
    <subfield code="b">n</subfield>
    <subfield code="2">rdamedia</subfield>
  </datafield>
  <datafield tag="338" ind1=" " ind2=" ">
    <subfield code="a">volume</subfield>
    <subfield code="b">nc</subfield>
    <subfield code="2">rdacarrier</subfield>
  </datafield>
  <datafield tag="546" ind1=" " ind2=" ">
    <subfield code="a">Summary in English.</subfield>
  </datafield>
  <datafield tag="500" ind1=" " ind2=" ">
    <subfield code="6">880-04</subfield>
    <subfield code="a">At head of title: Ministerstvo vnutrennikh del Rossiĭskoĭ Federat︠s︡ii, Federalʹnoe gosudarstvennoe kazennoe obrazovatelʹnoe uchrezhdenie vysshego obrazovanii︠a︡ &quot;Moskovskiĭ universitet MVD Rossii imeni V.I︠A︡. Kikoti︠a︡.&quot; Soi︠u︡z kriminalistov i kriminologov.</subfield>
  </datafield>
  <datafield tag="880" ind1=" " ind2=" ">
    <subfield code="6">500-04/(N</subfield>
    <subfield code="a">At head of title: Министерство внутренних дел Российской Федерации, Федеральное государственное казенное образовательное учреждение высшего образования &quot;Московский университет МВД России имени В.Я. Кикотя.&quot; Союз криминалистов и криминологов.</subfield>
  </datafield>
  <datafield tag="504" ind1=" " ind2=" ">
    <subfield code="a">Includes bibliographical references.</subfield>
  </datafield>
  <datafield tag="650" ind1=" " ind2="0">
    <subfield code="a">Computer crimes</subfield>
    <subfield code="x">Law and legislation</subfield>
    <subfield code="z">Russia (Federation)</subfield>
    <subfield code="v">Congresses.</subfield>
  </datafield>
  <datafield tag="650" ind1=" " ind2="0">
    <subfield code="a">Technological innovations</subfield>
    <subfield code="x">Law and legislation</subfield>
    <subfield code="z">Russia (Federation)</subfield>
    <subfield code="x">Criminal provisions</subfield>
    <subfield code="v">Congresses.</subfield>
  </datafield>
  <datafield tag="650" ind1=" " ind2="0">
    <subfield code="a">Data protection</subfield>
    <subfield code="x">Law and legislation</subfield>
    <subfield code="z">Russia (Federation)</subfield>
    <subfield code="x">Criminal provisions</subfield>
    <subfield code="v">Congresses.</subfield>
  </datafield>
  <datafield tag="700" ind1="1" ind2=" ">
    <subfield code="a">Kadnikov, N. G.</subfield>
    <subfield code="q">(Nikolaĭ Grigorʹevich),</subfield>
    <subfield code="e">editor.</subfield>
  </datafield>
  <datafield tag="923" ind1=" " ind2=" ">
    <subfield code="d">20190411</subfield>
    <subfield code="n">10242150</subfield>
    <subfield code="s">RuMoEVIS</subfield>
  </datafield>
  <datafield tag="985" ind1=" " ind2=" ">
    <subfield code="e">VENDOR LOAD</subfield>
  </datafield>
</record>