
<record>
  <leader>02772cam a2200373 i 4500</leader>
  <controlfield tag="001">20941971</controlfield>
  <controlfield tag="005">20200103131758.0</controlfield>
  <controlfield tag="008">190419s2019    nyu           000 1 eng d</controlfield>
  <datafield tag="906" ind1=" " ind2=" ">
    <subfield code="a">7</subfield>
    <subfield code="b">cbc</subfield>
    <subfield code="c">copycat</subfield>
    <subfield code="d">2</subfield>
    <subfield code="e">epcn</subfield>
    <subfield code="f">20</subfield>
    <subfield code="g">y-gencatlg</subfield>
  </datafield>
  <datafield tag="925" ind1="0" ind2=" ">
    <subfield code="a">acquire</subfield>
    <subfield code="b">1 shelf copy</subfield>
    <subfield code="x">policy default</subfield>
  </datafield>
  <datafield tag="955" ind1=" " ind2=" ">
    <subfield code="a">pc25 2019-04-19</subfield>
    <subfield code="a">xn16 2019-09-16 1 copy rec&apos;d., to USPRLL</subfield>
    <subfield code="b">xk02 2019-10-10 z-processor</subfield>
    <subfield code="i">xk36 2020-01-03</subfield>
  </datafield>
  <datafield tag="010" ind1=" " ind2=" ">
    <subfield code="a">  2019940157</subfield>
  </datafield>
  <datafield tag="020" ind1=" " ind2=" ">
    <subfield code="a">9781496720443</subfield>
    <subfield code="q">(hardcover)</subfield>
  </datafield>
  <datafield tag="020" ind1=" " ind2=" ">
    <subfield code="a">149672044X</subfield>
    <subfield code="q">(hardcover)</subfield>
  </datafield>
  <datafield tag="020" ind1=" " ind2=" ">
    <subfield code="z">9781496720467</subfield>
    <subfield code="q">(e-book)</subfield>
  </datafield>
  <datafield tag="020" ind1=" " ind2=" ">
    <subfield code="z">149672044X</subfield>
    <subfield code="q">(e-book)</subfield>
  </datafield>
  <datafield tag="035" ind1=" " ind2=" ">
    <subfield code="a">(OCoLC)on1112152591</subfield>
  </datafield>
  <datafield tag="040" ind1=" " ind2=" ">
    <subfield code="a">NjBwBT</subfield>
    <subfield code="b">eng</subfield>
    <subfield code="c">OQX</subfield>
    <subfield code="e">rda</subfield>
    <subfield code="d">OQX</subfield>
    <subfield code="d">OCLCO</subfield>
    <subfield code="d">LE@</subfield>
    <subfield code="d">YDX</subfield>
    <subfield code="d">BDX</subfield>
    <subfield code="d">GK8</subfield>
    <subfield code="d">OCLCF</subfield>
    <subfield code="d">OCLCQ</subfield>
    <subfield code="d">OCLCO</subfield>
    <subfield code="d">UAP</subfield>
    <subfield code="d">FBR</subfield>
    <subfield code="d">SSH</subfield>
    <subfield code="d">OCLCO</subfield>
    <subfield code="d">NZAUC</subfield>
    <subfield code="d">GO3</subfield>
    <subfield code="d">TCH</subfield>
    <subfield code="d">ZQP</subfield>
    <subfield code="d">DLC</subfield>
  </datafield>
  <datafield tag="042" ind1=" " ind2=" ">
    <subfield code="a">lccopycat</subfield>
  </datafield>
  <datafield tag="050" ind1="0" ind2="0">
    <subfield code="a">PS3608.A72539</subfield>
    <subfield code="b">A77 2019</subfield>
  </datafield>
  <datafield tag="082" ind1="0" ind2="4">
    <subfield code="a">813/.6</subfield>
    <subfield code="2">23</subfield>
  </datafield>
  <datafield tag="100" ind1="1" ind2=" ">
    <subfield code="a">Hardinger, Elizabeth,</subfield>
    <subfield code="e">author.</subfield>
  </datafield>
  <datafield tag="245" ind1="1" ind2="0">
    <subfield code="a">All the forgivenesses /</subfield>
    <subfield code="c">Elizabeth Hardinger.</subfield>
  </datafield>
  <datafield tag="250" ind1=" " ind2=" ">
    <subfield code="a">First Kensington hardcover edition.</subfield>
  </datafield>
  <datafield tag="264" ind1=" " ind2="1">
    <subfield code="a">New York, NY :</subfield>
    <subfield code="b">John Scognamiglio Books/Kensington Books,</subfield>
    <subfield code="c">2019.</subfield>
  </datafield>
  <datafield tag="300" ind1=" " ind2=" ">
    <subfield code="a">358 pages ;</subfield>
    <subfield code="c">22 cm</subfield>
  </datafield>
  <datafield tag="336" ind1=" " ind2=" ">
    <subfield code="a">text</subfield>
    <subfield code="b">txt</subfield>
    <subfield code="2">rdacontent</subfield>
  </datafield>
  <datafield tag="337" ind1=" " ind2=" ">
    <subfield code="a">unmediated</subfield>
    <subfield code="b">n</subfield>
    <subfield code="2">rdamedia</subfield>
  </datafield>
  <datafield tag="338" ind1=" " ind2=" ">
    <subfield code="a">volume</subfield>
    <subfield code="b">nc</subfield>
    <subfield code="2">rdacarrier</subfield>
  </datafield>
  <datafield tag="520" ind1=" " ind2=" ">
    <subfield code="a">&quot;Growing up on their hardscrabble farm in rural Kentucky, fifteen-year-old Albertina &quot;Bertie&quot; Winslow has learned a lot from her mama, Polly. She knows how to lance a boil, make a pie crust, butcher a pig, and tend to every chore that needs doing. What she doesn&apos;t know, but is forced to reckon with all too soon, is how to look after children as a mother should ...When Polly succumbs to a long illness, Bertie takes on responsibility for her four younger siblings and their dissolute, unreliable daddy. Yet no matter how hard she tries to hold the family together, the task is overwhelming. Nine-year-old Dacia, especially, is resentful and stubborn, hinting at secrets in their mama&apos;s life. Finally, Bertie makes the only choice she can - breaking up the family for its own survival, keeping the girls with her, sending the boys off to their grown brothers, long gone from home.Ever pragmatic, Bertie marries young, grateful to find a husband willing to take on the care of her sisters, and eventually moves to the oil fields of Kansas. But marriage alone cannot resolve the grief and guilt she carries over a long-ago tragedy, or prepare her for the heartaches still to come. Only by confronting wrenching truths can she open herself to joy - and learn how to not only give, but receive, unfettered love.&quot;--Publisher description.</subfield>
  </datafield>
  <datafield tag="650" ind1=" " ind2="7">
    <subfield code="a">FICTION / Historical / General.</subfield>
    <subfield code="2">bisacsh</subfield>
  </datafield>
  <datafield tag="650" ind1=" " ind2="7">
    <subfield code="a">FICTION / Family Life / General.</subfield>
    <subfield code="2">bisacsh</subfield>
  </datafield>
  <datafield tag="650" ind1=" " ind2="7">
    <subfield code="a">FICTION / Literary.</subfield>
    <subfield code="2">bisacsh</subfield>
  </datafield>
  <datafield tag="655" ind1=" " ind2="7">
    <subfield code="a">Novels.</subfield>
    <subfield code="2">fast</subfield>
    <subfield code="0">(OCoLC)fst01921742</subfield>
  </datafield>
</record>