
<record>
  <leader>02614cam a22003375i 4500</leader>
  <controlfield tag="001">20943229</controlfield>
  <controlfield tag="005">20200103171129.0</controlfield>
  <controlfield tag="008">190422t20172017maua     b    001 0 eng  </controlfield>
  <datafield tag="906" ind1=" " ind2=" ">
    <subfield code="a">0</subfield>
    <subfield code="b">ibc</subfield>
    <subfield code="c">origres</subfield>
    <subfield code="d">2</subfield>
    <subfield code="e">ncip</subfield>
    <subfield code="f">20</subfield>
    <subfield code="g">y-gencatlg</subfield>
  </datafield>
  <datafield tag="925" ind1="0" ind2=" ">
    <subfield code="a">acquire</subfield>
    <subfield code="b">1 shelf copy</subfield>
    <subfield code="x">policy default</subfield>
  </datafield>
  <datafield tag="955" ind1=" " ind2=" ">
    <subfield code="b">rn45 2019-04-22 z-processor 1 copy to USPRLL</subfield>
  </datafield>
  <datafield tag="010" ind1=" " ind2=" ">
    <subfield code="a">  2018275749</subfield>
  </datafield>
  <datafield tag="020" ind1=" " ind2=" ">
    <subfield code="a">9781682172742</subfield>
    <subfield code="q">(hardcover)</subfield>
  </datafield>
  <datafield tag="020" ind1=" " ind2=" ">
    <subfield code="a">1682172740</subfield>
  </datafield>
  <datafield tag="040" ind1=" " ind2=" ">
    <subfield code="a">DLC</subfield>
    <subfield code="c">DLC</subfield>
  </datafield>
  <datafield tag="042" ind1=" " ind2=" ">
    <subfield code="a">pcc</subfield>
  </datafield>
  <datafield tag="245" ind1="0" ind2="0">
    <subfield code="a">Critical approaches to literature :</subfield>
    <subfield code="b">moral /</subfield>
    <subfield code="c">editor, Robert C. Evans, Auburn University at Montgomery.</subfield>
  </datafield>
  <datafield tag="250" ind1=" " ind2=" ">
    <subfield code="a">[First edition].</subfield>
  </datafield>
  <datafield tag="264" ind1=" " ind2="1">
    <subfield code="a">Ipswich, Massachusetts :</subfield>
    <subfield code="b">Salem Press, a division of EBSCO Information Services, Inc. ;</subfield>
    <subfield code="a">Amenia, NY :</subfield>
    <subfield code="b">Grey House Publishing,</subfield>
    <subfield code="c">[2017]</subfield>
  </datafield>
  <datafield tag="264" ind1=" " ind2="4">
    <subfield code="c">©2017</subfield>
  </datafield>
  <datafield tag="300" ind1=" " ind2=" ">
    <subfield code="a">xxv, 282 pages ;</subfield>
    <subfield code="c">24 cm.</subfield>
  </datafield>
  <datafield tag="336" ind1=" " ind2=" ">
    <subfield code="a">text</subfield>
    <subfield code="b">txt</subfield>
    <subfield code="2">rdacontent</subfield>
  </datafield>
  <datafield tag="337" ind1=" " ind2=" ">
    <subfield code="a">unmediated</subfield>
    <subfield code="b">n</subfield>
    <subfield code="2">rdamedia</subfield>
  </datafield>
  <datafield tag="338" ind1=" " ind2=" ">
    <subfield code="a">volume</subfield>
    <subfield code="b">nc</subfield>
    <subfield code="2">rdacarrier</subfield>
  </datafield>
  <datafield tag="490" ind1="1" ind2=" ">
    <subfield code="a">Critical insights</subfield>
  </datafield>
  <datafield tag="505" ind1="0" ind2=" ">
    <subfield code="a">On moral criticism: a feminist approach to caring / James S. Baumlin -- The morality of renaissance love poetry: the case of Sir Thomas Wyatt / Robert C. Evans -- Ethics, literature, and theory: a sampling of various views / Stephen Paul Bray -- The genius of the saint: Harriet Beecher Stowe&apos;s moral artistry / Brian Yothers -- Moral approaches and other approaches to Jack London&apos;s &quot;In a far country&quot; / Kelley Jeans -- Moral irony in John Donne&apos;s &quot;To his coy mistress going to bed&quot; / Robert C. Evans -- &quot;These hard hearts&quot;: Aristotelian morality and Peter Brooks&apos; King Lear / Christopher Baker -- The blinding of Gloucester: trauma and morality in some films of Shakespeare&apos;s King Lear / Robert C. Evans -- Poe&apos;s ethics: a reading of &quot;the man of the crowd,&quot; &quot;Landor&apos;s cottage,&quot; and &quot;Hop-frog&quot; / Jeffrey J. Folks -- The man that corrupted Huckleberry -- making greed a driving force / R. Kent Rasmussen -- &quot;A practice for falling in love&quot;: ethical criticism in Anton Checkhov&apos;s &quot;lady with the pet dog&quot; / James S. Baumlin -- One from many: morality in John Steinbeck&apos;s The grapes of wrath / Nicolas Tredell -- Arthur Miller as the moral voice of America / Susan C. W. Abbotson -- The ethics of care in Zadie Smith&apos;s The embassy of Cambodia / Tammy Amiel Houser -- Sympathy for the devil inside / Mary Beth Willard -- The ethics of creative nonfiction / George H. Jensen.</subfield>
  </datafield>
  <datafield tag="504" ind1=" " ind2=" ">
    <subfield code="a">Includes bibliographical references and index.</subfield>
  </datafield>
  <datafield tag="650" ind1=" " ind2="0">
    <subfield code="a">Ethics in literature.</subfield>
  </datafield>
  <datafield tag="650" ind1=" " ind2="0">
    <subfield code="a">Literature</subfield>
    <subfield code="x">History and criticism</subfield>
    <subfield code="x">Moral and ethical aspects.</subfield>
  </datafield>
  <datafield tag="700" ind1="1" ind2=" ">
    <subfield code="a">Evans, Robert C.,</subfield>
    <subfield code="d">1955-</subfield>
    <subfield code="e">editor.</subfield>
  </datafield>
  <datafield tag="830" ind1=" " ind2="0">
    <subfield code="a">Critical insights.</subfield>
  </datafield>
</record>