
<record>
  <leader>03060cam a22004098i 4500</leader>
  <controlfield tag="001">20944773</controlfield>
  <controlfield tag="005">20200103154002.0</controlfield>
  <controlfield tag="008">190423s2019    nyu           000 0 eng  </controlfield>
  <datafield tag="906" ind1=" " ind2=" ">
    <subfield code="a">0</subfield>
    <subfield code="b">vip</subfield>
    <subfield code="c">orignew</subfield>
    <subfield code="d">1</subfield>
    <subfield code="e">ecip</subfield>
    <subfield code="f">20</subfield>
    <subfield code="g">y-gencatlg</subfield>
  </datafield>
  <datafield tag="925" ind1="0" ind2=" ">
    <subfield code="a">acquire</subfield>
    <subfield code="b">1 shelf copy</subfield>
    <subfield code="x">policy default</subfield>
  </datafield>
  <datafield tag="955" ind1=" " ind2=" ">
    <subfield code="b">rl11 2019-04-23</subfield>
    <subfield code="i">rl11 2019-04-23 ONIX to Dewey</subfield>
    <subfield code="w">xm08 2019-04-25</subfield>
    <subfield code="a">xn11 2019-11-25 1 copy rec&apos;d., to CIP ver.</subfield>
    <subfield code="a">rl00 2019-11-26 to SMA</subfield>
    <subfield code="a">rl02 2019-11-26</subfield>
    <subfield code="f">rl02 2020-01-03 to</subfield>
  </datafield>
  <datafield tag="010" ind1=" " ind2=" ">
    <subfield code="a">  2019015960</subfield>
  </datafield>
  <datafield tag="020" ind1=" " ind2=" ">
    <subfield code="a">9780593135990 (paperback)</subfield>
  </datafield>
  <datafield tag="020" ind1=" " ind2=" ">
    <subfield code="z">9780593136003 (ebook)</subfield>
  </datafield>
  <datafield tag="040" ind1=" " ind2=" ">
    <subfield code="a">DLC</subfield>
    <subfield code="b">eng</subfield>
    <subfield code="c">DLC</subfield>
    <subfield code="e">rda</subfield>
  </datafield>
  <datafield tag="041" ind1="1" ind2=" ">
    <subfield code="a">eng</subfield>
    <subfield code="h">fre</subfield>
  </datafield>
  <datafield tag="042" ind1=" " ind2=" ">
    <subfield code="a">pcc</subfield>
  </datafield>
  <datafield tag="050" ind1="0" ind2="0">
    <subfield code="a">RM666.A68</subfield>
    <subfield code="b">B8813 2019</subfield>
  </datafield>
  <datafield tag="082" ind1="0" ind2="0">
    <subfield code="a">615.3/219</subfield>
    <subfield code="2">23</subfield>
  </datafield>
  <datafield tag="084" ind1=" " ind2=" ">
    <subfield code="a">HEA029000</subfield>
    <subfield code="a">HEA016000</subfield>
    <subfield code="a">HEA032000</subfield>
    <subfield code="2">bisacsh</subfield>
  </datafield>
  <datafield tag="100" ind1="1" ind2=" ">
    <subfield code="a">Butterworth, Lisa,</subfield>
    <subfield code="d">1977-</subfield>
    <subfield code="e">author.</subfield>
  </datafield>
  <datafield tag="240" ind1="1" ind2="0">
    <subfield code="a">Guide des Huiles essentielles pour debutantes.</subfield>
    <subfield code="l">English</subfield>
  </datafield>
  <datafield tag="245" ind1="1" ind2="2">
    <subfield code="a">A beginner&apos;s guide to essential oils :</subfield>
    <subfield code="b">65+ essential oils for a healthy mind and body /</subfield>
    <subfield code="c">Lisa Butterworth.</subfield>
  </datafield>
  <datafield tag="263" ind1=" " ind2=" ">
    <subfield code="a">1111</subfield>
  </datafield>
  <datafield tag="264" ind1=" " ind2="1">
    <subfield code="a">New York :</subfield>
    <subfield code="b">Harmony Books,</subfield>
    <subfield code="c">[2019]</subfield>
  </datafield>
  <datafield tag="300" ind1=" " ind2=" ">
    <subfield code="a">pages cm</subfield>
  </datafield>
  <datafield tag="336" ind1=" " ind2=" ">
    <subfield code="a">text</subfield>
    <subfield code="b">txt</subfield>
    <subfield code="2">rdacontent</subfield>
  </datafield>
  <datafield tag="337" ind1=" " ind2=" ">
    <subfield code="a">unmediated</subfield>
    <subfield code="b">n</subfield>
    <subfield code="2">rdamedia</subfield>
  </datafield>
  <datafield tag="338" ind1=" " ind2=" ">
    <subfield code="a">volume</subfield>
    <subfield code="b">nc</subfield>
    <subfield code="2">rdacarrier</subfield>
  </datafield>
  <datafield tag="520" ind1=" " ind2=" ">
    <subfield code="a">&quot;An clear-cut guide to understanding the curative power of plant essences, using essential oils safely, and concocting your own therapeutic blends.  Essential oils give us the ability to take our health into our own hands, supplying natural, easy ways to address a wide range of issues from the mental to the physical. There&apos;s a lot of information to explore, and those unfamiliar with essential oils may feel overwhelmed. A Beginner&apos;s Guide to Essential Oils is the perfect introduction to the curative properties of essential oils, from lavender and lemongrass to sweet orange and sandalwood. The 70 most helpful oils are divided into categories based on their scent, ranging from herbaceous to citrus, floral to spicy. Each oil profile provides readers with benefits, origin, effective application methods, and safety precautions.  Readers will be able to easily incorporate essential oils into daily life, learning to make their own blends and discovering natural solutions to boost skin and hair health, alleviate anxiety and depression, support digestion, and treat inflammation. Succinct, useful, and easy-to-digest, A Beginner&apos;s Guide to Essential Oils can help anyone tap into the natural world and cultivate an intuition for healing&quot;--</subfield>
    <subfield code="c">Provided by publisher.</subfield>
  </datafield>
  <datafield tag="520" ind1=" " ind2=" ">
    <subfield code="a">&quot;A straightforward guide to understanding the curative power of plant essences, using essential oils safely, and creating your own therapeutic blends&quot;--</subfield>
    <subfield code="c">Provided by publisher.</subfield>
  </datafield>
  <datafield tag="650" ind1=" " ind2="0">
    <subfield code="a">Essences and essential oils.</subfield>
  </datafield>
  <datafield tag="650" ind1=" " ind2="0">
    <subfield code="a">Aromatherapy.</subfield>
  </datafield>
  <datafield tag="650" ind1=" " ind2="7">
    <subfield code="a">HEALTH &amp; FITNESS / Aromatherapy.</subfield>
    <subfield code="2">bisacsh</subfield>
  </datafield>
  <datafield tag="650" ind1=" " ind2="7">
    <subfield code="a">HEALTH &amp; FITNESS / Naturopathy.</subfield>
    <subfield code="2">bisacsh</subfield>
  </datafield>
  <datafield tag="650" ind1=" " ind2="7">
    <subfield code="a">HEALTH &amp; FITNESS / Alternative Therapies.</subfield>
    <subfield code="2">bisacsh</subfield>
  </datafield>
  <datafield tag="963" ind1=" " ind2=" ">
    <subfield code="a">Michele Eniclerico; phone: 212-782-9689; email: meniclerico@penguinrandomhouse.com; bc: cip@randomhouse.com</subfield>
  </datafield>
</record>