
<record>
  <leader>04353cam a22004338i 4500</leader>
  <controlfield tag="001">20947640</controlfield>
  <controlfield tag="005">20200103104955.0</controlfield>
  <controlfield tag="008">190414s2019    enk      b    001 0 eng c</controlfield>
  <datafield tag="906" ind1=" " ind2=" ">
    <subfield code="a">0</subfield>
    <subfield code="b">vip</subfield>
    <subfield code="c">orignew</subfield>
    <subfield code="d">1</subfield>
    <subfield code="e">ecip</subfield>
    <subfield code="f">20</subfield>
    <subfield code="g">y-gencatlg</subfield>
  </datafield>
  <datafield tag="925" ind1="0" ind2=" ">
    <subfield code="a">acquire</subfield>
    <subfield code="b">1 shelf copy</subfield>
    <subfield code="x">policy default</subfield>
  </datafield>
  <datafield tag="955" ind1=" " ind2=" ">
    <subfield code="a">LBSOR</subfield>
    <subfield code="e">xk06 2019-04-25 to Dewey</subfield>
    <subfield code="w">xm09 2019-04-27</subfield>
    <subfield code="a">xn11 2020-01-03 1 copy rec&apos;d., to CIP ver.</subfield>
  </datafield>
  <datafield tag="010" ind1=" " ind2=" ">
    <subfield code="a">  2019017095</subfield>
  </datafield>
  <datafield tag="020" ind1=" " ind2=" ">
    <subfield code="a">9781138595217</subfield>
    <subfield code="q">(hardback :</subfield>
    <subfield code="q">alk. paper)</subfield>
  </datafield>
  <datafield tag="020" ind1=" " ind2=" ">
    <subfield code="a">9781138595224</subfield>
    <subfield code="q">(paperback :</subfield>
    <subfield code="q">alk. paper)</subfield>
  </datafield>
  <datafield tag="020" ind1=" " ind2=" ">
    <subfield code="z">9780429488412</subfield>
    <subfield code="q">(e-book)</subfield>
  </datafield>
  <datafield tag="040" ind1=" " ind2=" ">
    <subfield code="a">LBSOR/DLC</subfield>
    <subfield code="b">eng</subfield>
    <subfield code="c">LBSOR</subfield>
    <subfield code="e">rda</subfield>
    <subfield code="d">DLC</subfield>
  </datafield>
  <datafield tag="042" ind1=" " ind2=" ">
    <subfield code="a">pcc</subfield>
  </datafield>
  <datafield tag="050" ind1="0" ind2="0">
    <subfield code="a">PN4749</subfield>
    <subfield code="b">.C76 2019</subfield>
  </datafield>
  <datafield tag="082" ind1="0" ind2="0">
    <subfield code="a">302.23</subfield>
    <subfield code="2">23</subfield>
  </datafield>
  <datafield tag="130" ind1="0" ind2=" ">
    <subfield code="a">Cross-cultural journalism (Len-Ríos and Perry)</subfield>
  </datafield>
  <datafield tag="245" ind1="1" ind2="0">
    <subfield code="a">Cross-cultural journalism and strategic communication :</subfield>
    <subfield code="b">storytelling and diversity /</subfield>
    <subfield code="c">edited by María E. Len-Ríos and Earnest L. Perry.</subfield>
  </datafield>
  <datafield tag="250" ind1=" " ind2=" ">
    <subfield code="a">Second edition.</subfield>
  </datafield>
  <datafield tag="263" ind1=" " ind2=" ">
    <subfield code="a">1111</subfield>
  </datafield>
  <datafield tag="264" ind1=" " ind2="1">
    <subfield code="a">London ;</subfield>
    <subfield code="a">New York :</subfield>
    <subfield code="b">Routledge,</subfield>
    <subfield code="c">2019.</subfield>
  </datafield>
  <datafield tag="300" ind1=" " ind2=" ">
    <subfield code="a">pages cm</subfield>
  </datafield>
  <datafield tag="336" ind1=" " ind2=" ">
    <subfield code="a">text</subfield>
    <subfield code="b">txt</subfield>
    <subfield code="2">rdacontent</subfield>
  </datafield>
  <datafield tag="337" ind1=" " ind2=" ">
    <subfield code="a">unmediated</subfield>
    <subfield code="b">n</subfield>
    <subfield code="2">rdamedia</subfield>
  </datafield>
  <datafield tag="338" ind1=" " ind2=" ">
    <subfield code="a">volume</subfield>
    <subfield code="b">nc</subfield>
    <subfield code="2">rdacarrier</subfield>
  </datafield>
  <datafield tag="520" ind1=" " ind2=" ">
    <subfield code="a">&quot;Built using the hands-on and pioneering Missouri Method, this textbook prepares readers to write about and communicate with people of different backgrounds, offering real-world examples of how to practice excellent journalism and strategic communication that takes culture into account. No matter the communication purpose, this book will help readers engage with difference and the concept of fault lines, and to identify and mitigate bias. It provides guidance on communicating the complexity inherent in issues like crime, immigration, and sports, and working with census data to craft stories or strategic campaigns. Above all, the book encourages readers to reconsider assumptions about race, class, gender, identity, sexual orientation, immigration status, religion, disability, and age, and recognize communicators&apos; responsibilities in shaping national discussions. This new edition addresses the ever-changing political and social climate, differentiates excellent journalism from punditry, and shows the business value of understanding diverse perspectives. A fantastic introduction to this complex but important field, this book is perfect for students, teachers, and early career communicators. The combination of a hands-on approach and pull-out boxes with the diverse voices curated by editors María Len-Rios and Earnest Perry make this an ideal text for the classroom and beyond&quot;--</subfield>
    <subfield code="c">Provided by publisher.</subfield>
  </datafield>
  <datafield tag="500" ind1=" " ind2=" ">
    <subfield code="a">First edition published by Routledge 2016 under title: Cross-cultural journalism : communicating strategically about diversity.</subfield>
  </datafield>
  <datafield tag="504" ind1=" " ind2=" ">
    <subfield code="a">Includes bibliographical references and index.</subfield>
  </datafield>
  <datafield tag="505" ind1="0" ind2=" ">
    <subfield code="a">Conceptual understanding / Earnest L. Perry and María E. Len-Ríos -- Talking across difference / Keith M. Woods -- Who is American? / Saleem E. Alhabash, Carie Cunningham and Anastasia Kononova -- Making class matter : journalism and social class / Ryan J. Thomas and Marina A. Hendricks -- Gender and the media : envisioning equality / Yong Volz and María E. Len-Ríos -- Mass media and the LGBT community / Gary R. Hicks -- Missing in action : religion in mass media markets and news / Debra L. Mason -- Reporting and strategic communication across borders / Beverly Horvit and Yulia Medvedeva -- Immigrants and immigration : reporting the new America / Melita M. Garza -- Achieving excellence in crime coverage / Earnest L. Perry -- The complexity of disability / Chad Painter -- Rx for communicating about health inequalities / Amanda Hinnant and María E. Len-Ríos -- Talkin&apos; &apos;bout my generation : understanding generational differences / Teri Finneman -- Telling&apos; and erasing : diverse stories in sports media / David Welch Suggs, Jr. -- Next : where do we go from here? / María E. Len-Ríos and Earnest L. Perry.</subfield>
  </datafield>
  <datafield tag="650" ind1=" " ind2="0">
    <subfield code="a">Journalism</subfield>
    <subfield code="x">Social aspects.</subfield>
  </datafield>
  <datafield tag="650" ind1=" " ind2="0">
    <subfield code="a">Journalism</subfield>
    <subfield code="v">Cross-cultural studies.</subfield>
  </datafield>
  <datafield tag="650" ind1=" " ind2="0">
    <subfield code="a">Minorities</subfield>
    <subfield code="x">Press coverage.</subfield>
  </datafield>
  <datafield tag="700" ind1="1" ind2=" ">
    <subfield code="a">Len-Ríos, Maria Elizabeth,</subfield>
    <subfield code="d">1971-</subfield>
    <subfield code="e">editor.</subfield>
  </datafield>
  <datafield tag="700" ind1="1" ind2=" ">
    <subfield code="a">Perry, Earnest L.</subfield>
    <subfield code="q">(Earnest Lee),</subfield>
    <subfield code="d">1964-</subfield>
    <subfield code="e">editor.</subfield>
  </datafield>
  <datafield tag="963" ind1=" " ind2=" ">
    <subfield code="a">Sarah Pickles; phone: 44-(20) 701 74823; email: sarah.pickles@tandf.co.uk; bc: anna.cuthbert@tandf.co.uk</subfield>
  </datafield>
  <datafield tag="985" ind1=" " ind2=" ">
    <subfield code="a">LBSORCIP</subfield>
    <subfield code="d">2019-04-25</subfield>
  </datafield>
</record>