
<record>
  <leader>03108cam a2200385 i 4500</leader>
  <controlfield tag="001">20950288</controlfield>
  <controlfield tag="005">20200103095130.0</controlfield>
  <controlfield tag="008">190426s2019    maua     b    001 0deng  </controlfield>
  <datafield tag="906" ind1=" " ind2=" ">
    <subfield code="a">7</subfield>
    <subfield code="b">cbc</subfield>
    <subfield code="c">orignew</subfield>
    <subfield code="d">1</subfield>
    <subfield code="e">ecip</subfield>
    <subfield code="f">20</subfield>
    <subfield code="g">y-gencatlg</subfield>
  </datafield>
  <datafield tag="925" ind1="0" ind2=" ">
    <subfield code="a">acquire</subfield>
    <subfield code="b">2 shelf copies</subfield>
    <subfield code="x">policy default (ex.)</subfield>
  </datafield>
  <datafield tag="955" ind1=" " ind2=" ">
    <subfield code="b">rf21 2019-04-26</subfield>
    <subfield code="i">rf21 2019-04-26 (telework) to SL</subfield>
    <subfield code="e">rf06 2019-04-27 (OT) to Dewey</subfield>
    <subfield code="w">xm09 2019-04-27</subfield>
    <subfield code="a">xn11 2019-10-21 2 copies rec&apos;d., to CIP ver.</subfield>
    <subfield code="f">rf06 2019-11-02 to CALM</subfield>
    <subfield code="t">rf06 2019-11-02 Copy 2 to CALM</subfield>
    <subfield code="s">rf13 2020-01-03 c. 3 to Discard 00501723228</subfield>
    <subfield code="s">rf13 2020-01-03 c. 4 to Discard 0050172323A</subfield>
  </datafield>
  <datafield tag="010" ind1=" " ind2=" ">
    <subfield code="a">  2019019879</subfield>
  </datafield>
  <datafield tag="020" ind1=" " ind2=" ">
    <subfield code="a">9781625344649 (hardcover)</subfield>
  </datafield>
  <datafield tag="020" ind1=" " ind2=" ">
    <subfield code="a">9781625344656 (pbk.)</subfield>
  </datafield>
  <datafield tag="020" ind1=" " ind2=" ">
    <subfield code="z">9781613767085 (ebook)</subfield>
  </datafield>
  <datafield tag="020" ind1=" " ind2=" ">
    <subfield code="z">9781613767092 (ebook)</subfield>
  </datafield>
  <datafield tag="040" ind1=" " ind2=" ">
    <subfield code="a">DLC</subfield>
    <subfield code="b">eng</subfield>
    <subfield code="c">DLC</subfield>
    <subfield code="e">rda</subfield>
    <subfield code="d">DLC</subfield>
  </datafield>
  <datafield tag="042" ind1=" " ind2=" ">
    <subfield code="a">pcc</subfield>
  </datafield>
  <datafield tag="043" ind1=" " ind2=" ">
    <subfield code="a">n-us-ma</subfield>
  </datafield>
  <datafield tag="050" ind1="0" ind2="0">
    <subfield code="a">F65</subfield>
    <subfield code="b">.L838 2019</subfield>
  </datafield>
  <datafield tag="082" ind1="0" ind2="0">
    <subfield code="a">974.40074</subfield>
    <subfield code="2">23</subfield>
  </datafield>
  <datafield tag="100" ind1="1" ind2=" ">
    <subfield code="a">Luey, Beth,</subfield>
    <subfield code="e">author.</subfield>
  </datafield>
  <datafield tag="245" ind1="1" ind2="0">
    <subfield code="a">At home :</subfield>
    <subfield code="b">historic houses of Central and Western Massachusetts /</subfield>
    <subfield code="c">Beth Luey.</subfield>
  </datafield>
  <datafield tag="246" ind1="3" ind2="0">
    <subfield code="a">Historic houses of Central and Western Massachusetts</subfield>
  </datafield>
  <datafield tag="264" ind1=" " ind2="1">
    <subfield code="a">Amherst, MA :</subfield>
    <subfield code="b">Bright Leaf, An imprint of University of Massachusetts Press,</subfield>
    <subfield code="c">[2019]</subfield>
  </datafield>
  <datafield tag="300" ind1=" " ind2=" ">
    <subfield code="a">ix, 286 pages :</subfield>
    <subfield code="b">illustrations ;</subfield>
    <subfield code="c">23 cm.</subfield>
  </datafield>
  <datafield tag="336" ind1=" " ind2=" ">
    <subfield code="a">text</subfield>
    <subfield code="b">txt</subfield>
    <subfield code="2">rdacontent</subfield>
  </datafield>
  <datafield tag="337" ind1=" " ind2=" ">
    <subfield code="a">unmediated</subfield>
    <subfield code="b">n</subfield>
    <subfield code="2">rdamedia</subfield>
  </datafield>
  <datafield tag="338" ind1=" " ind2=" ">
    <subfield code="a">volume</subfield>
    <subfield code="b">nc</subfield>
    <subfield code="2">rdacarrier</subfield>
  </datafield>
  <datafield tag="490" ind1="0" ind2=" ">
    <subfield code="a">Bright leaf</subfield>
  </datafield>
  <datafield tag="520" ind1=" " ind2=" ">
    <subfield code="a">&quot;With its rich history of prominent families, Massachusetts is home to some of the most historic residences in the country. In the central and western half of the Commonwealth, these include Edith Wharton&apos;s The Mount, the Salisbury Mansion in Worcester, Herman Melville&apos;s Arrowhead in Pittsfield, and the Dickinson Homestead and the Evergreens in Amherst. In At Home: Historic Houses of Central and Western Massachusetts, Beth Luey examines the lives and homes of acclaimed poets and writers, slaves who won their freedom, Civil War enlistees, socialites, and leading merchants. Drawing on architectural and genealogical texts, wills, correspondence, and diaries, Luey situates the stories of these notable homes and the people who inhabited them in the context of broader economic, social, and political transformations. Filled with vivid details and fresh perspectives, each chapter is sure to inspire first-time visitors and seasoned travelers alike. All the homes are open to the public.&quot;--Provided by publisher.</subfield>
  </datafield>
  <datafield tag="504" ind1=" " ind2=" ">
    <subfield code="a">Includes bibliographical references and index.</subfield>
  </datafield>
  <datafield tag="505" ind1="0" ind2=" ">
    <subfield code="a">Preface: Meeting mountains -- Another country - Deerfield -- &quot;One minute&apos;s freedom&quot; - The Colonel John Ashley House, Sheffield --  Branching out - The Salisbury Mansion, Worcester -- Keepers of the flame - The General Artemas Ward House, Shrewsbury -- The whale and the chimney - Herman Melville&apos;s Arrowhead, Pittsfield -- Houses at War - The Dickinson Homestead and the Evergreens, Amherst -- &quot;We have done a soldiers duty&quot; - The Samuel Harrison House, Pittsfield -- A place in the country - The Mount, Lenox.</subfield>
  </datafield>
  <datafield tag="650" ind1=" " ind2="0">
    <subfield code="a">Historic house museums</subfield>
    <subfield code="z">Massachusetts.</subfield>
  </datafield>
  <datafield tag="650" ind1=" " ind2="0">
    <subfield code="a">Dwellings</subfield>
    <subfield code="z">Massachusetts.</subfield>
  </datafield>
</record>