
<record>
  <leader>02277cam a22003135i 4500</leader>
  <controlfield tag="001">20951489</controlfield>
  <controlfield tag="005">20200103135040.0</controlfield>
  <controlfield tag="008">180613s2019    ne            000 1 dut d</controlfield>
  <datafield tag="906" ind1=" " ind2=" ">
    <subfield code="a">0</subfield>
    <subfield code="b">ibc</subfield>
    <subfield code="c">copycat</subfield>
    <subfield code="d">3</subfield>
    <subfield code="e">ncip</subfield>
    <subfield code="f">20</subfield>
    <subfield code="g">y-gencatlg</subfield>
  </datafield>
  <datafield tag="925" ind1="0" ind2=" ">
    <subfield code="a">acquire</subfield>
    <subfield code="b">1 shelf copy</subfield>
    <subfield code="x">policy default</subfield>
  </datafield>
  <datafield tag="955" ind1=" " ind2=" ">
    <subfield code="a">ve13 2019-04-26</subfield>
    <subfield code="b">bd34 2019-04-27</subfield>
    <subfield code="b">bd34 2020-01-03 z-processor</subfield>
    <subfield code="i">bd34 2020-01-03</subfield>
  </datafield>
  <datafield tag="010" ind1=" " ind2=" ">
    <subfield code="a">  2019389436</subfield>
  </datafield>
  <datafield tag="020" ind1=" " ind2=" ">
    <subfield code="a">9789044635737</subfield>
    <subfield code="q">(softcover)</subfield>
  </datafield>
  <datafield tag="020" ind1=" " ind2=" ">
    <subfield code="a">9044635735</subfield>
  </datafield>
  <datafield tag="035" ind1=" " ind2=" ">
    <subfield code="a">(OCoLC)on1071447530</subfield>
  </datafield>
  <datafield tag="040" ind1=" " ind2=" ">
    <subfield code="a">ERASA</subfield>
    <subfield code="b">eng</subfield>
    <subfield code="c">ERASA</subfield>
    <subfield code="e">rda</subfield>
    <subfield code="d">OCLCQ</subfield>
    <subfield code="d">L2U</subfield>
    <subfield code="d">CUY</subfield>
    <subfield code="d">DLC</subfield>
  </datafield>
  <datafield tag="042" ind1=" " ind2=" ">
    <subfield code="a">lccopycat</subfield>
  </datafield>
  <datafield tag="050" ind1="0" ind2="0">
    <subfield code="a">PT6467.13.A88</subfield>
    <subfield code="b">F44 2019</subfield>
  </datafield>
  <datafield tag="082" ind1="0" ind2="4">
    <subfield code="a">839.31</subfield>
  </datafield>
  <datafield tag="100" ind1="1" ind2=" ">
    <subfield code="a">Casteleyn, Dimitri,</subfield>
    <subfield code="d">1966-</subfield>
    <subfield code="e">author.</subfield>
  </datafield>
  <datafield tag="245" ind1="1" ind2="4">
    <subfield code="a">Het feest /</subfield>
    <subfield code="c">Dimitri Casteleyn.</subfield>
  </datafield>
  <datafield tag="264" ind1=" " ind2="1">
    <subfield code="a">Amsterdam :</subfield>
    <subfield code="b">Prometheus,</subfield>
    <subfield code="c">2019.</subfield>
  </datafield>
  <datafield tag="300" ind1=" " ind2=" ">
    <subfield code="a">217 pages ;</subfield>
    <subfield code="c">20 cm.</subfield>
  </datafield>
  <datafield tag="336" ind1=" " ind2=" ">
    <subfield code="a">text</subfield>
    <subfield code="b">txt</subfield>
    <subfield code="2">rdacontent</subfield>
  </datafield>
  <datafield tag="337" ind1=" " ind2=" ">
    <subfield code="a">unmediated</subfield>
    <subfield code="b">n</subfield>
    <subfield code="2">rdamedia</subfield>
  </datafield>
  <datafield tag="338" ind1=" " ind2=" ">
    <subfield code="a">volume</subfield>
    <subfield code="b">nc</subfield>
    <subfield code="2">rdacarrier</subfield>
  </datafield>
  <datafield tag="520" ind1="8" ind2=" ">
    <subfield code="a">Hoe ver ga je om het verleden recht te zetten? En hoe kom je tot inkeer, beken je schuld en neem je de verantwoordelijkheid op je als je vernedering of de dood in de ogen kijkt? Maurits Matthys organiseert een feest voor zijn vijftigste verjaardag, in het kasteel waar hij woont. Een exclusief feest, met een select gezelschap van vijf mensen uit zijn schooltijd. Een diner met vijf gangen, met bijpassende wijnen, geserveerd door de butler. Allen zijn zij verbaasd om van Maurits te horen, want allen hebben zij zijn schooltijd tot een levende hel gemaakt. In dit boek ontvouwt zich pagina na pagina het meesterplan van Maurits, waarin hij de zwakke plekken van zijn oud-schoolgenoten analyseert, oude trauma?s oprakelt en zijn gasten confronteert met hun verleden. Handenwrijvend verkneukelt Maurits zich over hun lot? gerechtigheid!? maar al snel begint zijn plan scheuren te vertonen. Door in het verleden te vissen, komt hij erachter dat zijn gasten onberekenbaar zijn en de onbetrouwbaarheid van het geheugen ligt op de loer. &apos;Het feest&apos; is een tumultueuze roman over wraak en vergiffenis, status en macht, schuld en succes, en trauma en catharsis. Het is een klassieke Casteleyn: een boek dat je opslokt, maar ook de belangrijke vragen niet uit de weg gaat.</subfield>
  </datafield>
  <datafield tag="923" ind1=" " ind2=" ">
    <subfield code="d">04-18-19</subfield>
    <subfield code="n">I-20117611</subfield>
    <subfield code="s">proquest</subfield>
  </datafield>
  <datafield tag="985" ind1=" " ind2=" ">
    <subfield code="e">VENDOR LOAD</subfield>
  </datafield>
</record>