
<record>
  <leader>03471cam a22004098i 4500</leader>
  <controlfield tag="001">20953519</controlfield>
  <controlfield tag="005">20200103131228.0</controlfield>
  <controlfield tag="008">190429s2019    nyu      b    000 0 eng  </controlfield>
  <datafield tag="906" ind1=" " ind2=" ">
    <subfield code="a">0</subfield>
    <subfield code="b">vip</subfield>
    <subfield code="c">orignew</subfield>
    <subfield code="d">1</subfield>
    <subfield code="e">ecip</subfield>
    <subfield code="f">20</subfield>
    <subfield code="g">y-gencatlg</subfield>
  </datafield>
  <datafield tag="925" ind1="0" ind2=" ">
    <subfield code="a">acquire</subfield>
    <subfield code="b">1 shelf copy</subfield>
    <subfield code="x">policy default</subfield>
  </datafield>
  <datafield tag="955" ind1=" " ind2=" ">
    <subfield code="b">re17 2019-04-29</subfield>
    <subfield code="i">re17 2019-04-29</subfield>
    <subfield code="a">re17 2019-04-30 to SL</subfield>
    <subfield code="e">re24 2019-05-03 to Dewey (telework)</subfield>
    <subfield code="w">xm09 2019-05-03</subfield>
    <subfield code="a">xn11 2020-01-03 1 copy rec&apos;d., to CIP ver.</subfield>
  </datafield>
  <datafield tag="010" ind1=" " ind2=" ">
    <subfield code="a">  2019016094</subfield>
  </datafield>
  <datafield tag="020" ind1=" " ind2=" ">
    <subfield code="a">9781433147661 (hardback : alk. paper)</subfield>
  </datafield>
  <datafield tag="020" ind1=" " ind2=" ">
    <subfield code="a">9781433147654 (pbk. : alk. paper)</subfield>
  </datafield>
  <datafield tag="020" ind1=" " ind2=" ">
    <subfield code="z">9781433147678 (ebook pdf)</subfield>
  </datafield>
  <datafield tag="020" ind1=" " ind2=" ">
    <subfield code="z">9781433147685 (epub)</subfield>
  </datafield>
  <datafield tag="020" ind1=" " ind2=" ">
    <subfield code="z">9781433147692 (mobi)</subfield>
  </datafield>
  <datafield tag="040" ind1=" " ind2=" ">
    <subfield code="a">DLC</subfield>
    <subfield code="b">eng</subfield>
    <subfield code="c">DLC</subfield>
    <subfield code="e">rda</subfield>
  </datafield>
  <datafield tag="042" ind1=" " ind2=" ">
    <subfield code="a">pcc</subfield>
  </datafield>
  <datafield tag="050" ind1="0" ind2="0">
    <subfield code="a">GV711</subfield>
    <subfield code="b">.C84 2019</subfield>
  </datafield>
  <datafield tag="082" ind1="0" ind2="0">
    <subfield code="a">796.07/7</subfield>
    <subfield code="2">23</subfield>
  </datafield>
  <datafield tag="100" ind1="1" ind2=" ">
    <subfield code="a">Cranmer, Gregory A.,</subfield>
    <subfield code="d">1988-</subfield>
    <subfield code="e">author.</subfield>
  </datafield>
  <datafield tag="245" ind1="1" ind2="0">
    <subfield code="a">Athletic coaching :</subfield>
    <subfield code="b">a communication perspective /</subfield>
    <subfield code="c">Gregory A. Cranmer.</subfield>
  </datafield>
  <datafield tag="263" ind1=" " ind2=" ">
    <subfield code="a">1111</subfield>
  </datafield>
  <datafield tag="264" ind1=" " ind2="1">
    <subfield code="a">New York :</subfield>
    <subfield code="b">Peter Lang,</subfield>
    <subfield code="c">[2019]</subfield>
  </datafield>
  <datafield tag="300" ind1=" " ind2=" ">
    <subfield code="a">pages cm.</subfield>
  </datafield>
  <datafield tag="336" ind1=" " ind2=" ">
    <subfield code="a">text</subfield>
    <subfield code="b">txt</subfield>
    <subfield code="2">rdacontent</subfield>
  </datafield>
  <datafield tag="337" ind1=" " ind2=" ">
    <subfield code="a">unmediated</subfield>
    <subfield code="b">n</subfield>
    <subfield code="2">rdamedia</subfield>
  </datafield>
  <datafield tag="338" ind1=" " ind2=" ">
    <subfield code="a">volume</subfield>
    <subfield code="b">nc</subfield>
    <subfield code="2">rdacarrier</subfield>
  </datafield>
  <datafield tag="490" ind1="0" ind2=" ">
    <subfield code="a">Communication, sport, and society :</subfield>
    <subfield code="x">2576-7232 ;</subfield>
    <subfield code="v">Volume 3</subfield>
  </datafield>
  <datafield tag="504" ind1=" " ind2=" ">
    <subfield code="a">Includes bibliographical references.</subfield>
  </datafield>
  <datafield tag="505" ind1="0" ind2=" ">
    <subfield code="a">A communicative approach to athletic coaching -- Defining effective coaching -- The instructional perspective: coaches as instructors -- The organizational perspective: coaches as managers -- The group perspective: coaches as group members -- The interpersonal perspective: coaches as relational partners -- Setting a scholarly agenda: building toward a holistic framework -- Building athletic coaching theory: extending confirmation theory to athletic coaching.</subfield>
  </datafield>
  <datafield tag="520" ind1=" " ind2=" ">
    <subfield code="a">&quot;Each year, millions of youth athletes participate in organized sport under the guidance of a coach, who is entrusted with overseeing their development and performance, as well as providing a safe environment. A communicative approach to coaching recognizes that the skills, lessons, values, and experiences that athletes take from their sports participation is determined by how coaches interact with athletes and structure their sporting environments. This book provides a foundation for a communicative perspective of coaching in an effort to better understand and promote coach effectiveness. As part of this effort, Dr. Cranmer conceptualizes coaching as a communicative endeavor, provides a framework from which to understand coaching effectiveness, and explicates four common perspectives (i.e., instructional, organizational, group, and interpersonal) utilized by communication scholars to examine coaching. Moreover, he forwards a scholarly agenda for building a holistic framework of coaching and increasing the applied value of coach communication scholarship via methodological and theoretical considerations. This book is of benefit to many audiences, including communication students and scholars who are developing their understanding of coaching literature, interdisciplinary scholars who seek a representation of a communicative perspective of coaching, and coaches who may use this text as a self-reflective tool for pedagogical refinement&quot;--</subfield>
    <subfield code="c">Provided by publisher.</subfield>
  </datafield>
  <datafield tag="650" ind1=" " ind2="0">
    <subfield code="a">Coaching (Athletics)</subfield>
  </datafield>
  <datafield tag="650" ind1=" " ind2="0">
    <subfield code="a">Communication in sports.</subfield>
  </datafield>
  <datafield tag="650" ind1=" " ind2="0">
    <subfield code="a">Coach-athlete relationships.</subfield>
  </datafield>
  <datafield tag="963" ind1=" " ind2=" ">
    <subfield code="a">Jackie Pavlovic; phone: 212-647-7700-3003; email: jpavlovic@plang.com; bc: jpavlovic@plang.com</subfield>
  </datafield>
</record>