
<record>
  <leader>02183cam a22004575i 4500</leader>
  <controlfield tag="001">20954864</controlfield>
  <controlfield tag="005">20200103085238.0</controlfield>
  <controlfield tag="008">190430t20182018bl       b    000 0 por d</controlfield>
  <datafield tag="906" ind1=" " ind2=" ">
    <subfield code="a">0</subfield>
    <subfield code="b">ibc</subfield>
    <subfield code="c">copycat</subfield>
    <subfield code="d">2</subfield>
    <subfield code="e">ncip</subfield>
    <subfield code="f">20</subfield>
    <subfield code="g">y-gencatlg</subfield>
  </datafield>
  <datafield tag="925" ind1="0" ind2=" ">
    <subfield code="a">acquire</subfield>
    <subfield code="b">1 shelf copy</subfield>
    <subfield code="x">policy default</subfield>
  </datafield>
  <datafield tag="955" ind1=" " ind2=" ">
    <subfield code="b">wr18 2020-01-03 z-processor</subfield>
  </datafield>
  <datafield tag="010" ind1=" " ind2=" ">
    <subfield code="a">  2019308326</subfield>
  </datafield>
  <datafield tag="020" ind1=" " ind2=" ">
    <subfield code="a">9788584991396</subfield>
  </datafield>
  <datafield tag="020" ind1=" " ind2=" ">
    <subfield code="a">8584991395</subfield>
  </datafield>
  <datafield tag="035" ind1=" " ind2=" ">
    <subfield code="a">(OCoLC)on1111090062</subfield>
  </datafield>
  <datafield tag="040" ind1=" " ind2=" ">
    <subfield code="a">ZCU</subfield>
    <subfield code="b">eng</subfield>
    <subfield code="c">ZCU</subfield>
    <subfield code="e">rda</subfield>
    <subfield code="d">ZCU</subfield>
    <subfield code="d">UPM</subfield>
    <subfield code="d">UBY</subfield>
    <subfield code="d">DLC</subfield>
  </datafield>
  <datafield tag="042" ind1=" " ind2=" ">
    <subfield code="a">lccopycat</subfield>
  </datafield>
  <datafield tag="097" ind1="0" ind2="0">
    <subfield code="a">PQ9522.C664</subfield>
    <subfield code="b">T73 2018</subfield>
  </datafield>
  <datafield tag="245" ind1="0" ind2="0">
    <subfield code="a">Tradições cômicas na literatura brasileira do século XIX /</subfield>
    <subfield code="c">Jacqueline Ramos (organizadora)</subfield>
  </datafield>
  <datafield tag="250" ind1=" " ind2=" ">
    <subfield code="a">1a edição.</subfield>
  </datafield>
  <datafield tag="264" ind1=" " ind2="1">
    <subfield code="a">São Paulo, SP, Brasil :</subfield>
    <subfield code="b">Intermeios, Casa de Artes e Livros ;</subfield>
    <subfield code="a">[Brasília] :</subfield>
    <subfield code="b">CNPq, Conselho Nacional de Desenvolvimento Científico e Tecnológico,</subfield>
    <subfield code="c">[2018]</subfield>
  </datafield>
  <datafield tag="264" ind1=" " ind2="4">
    <subfield code="c">©2018</subfield>
  </datafield>
  <datafield tag="300" ind1=" " ind2=" ">
    <subfield code="a">219 pages ;</subfield>
    <subfield code="c">23 cm</subfield>
  </datafield>
  <datafield tag="336" ind1=" " ind2=" ">
    <subfield code="a">text</subfield>
    <subfield code="b">txt</subfield>
    <subfield code="2">rdacontent</subfield>
  </datafield>
  <datafield tag="337" ind1=" " ind2=" ">
    <subfield code="a">unmediated</subfield>
    <subfield code="b">n</subfield>
    <subfield code="2">rdamedia</subfield>
  </datafield>
  <datafield tag="338" ind1=" " ind2=" ">
    <subfield code="a">volume</subfield>
    <subfield code="b">nc</subfield>
    <subfield code="2">rdacarrier</subfield>
  </datafield>
  <datafield tag="504" ind1=" " ind2=" ">
    <subfield code="a">Includes bibliographical references</subfield>
  </datafield>
  <datafield tag="505" ind1="0" ind2=" ">
    <subfield code="a">Preâmbulo -- Sobre o cômico na literatura brasileira do século XIX / Jacqueline Ramos -- O despertar de esperteza / Leonor Demétrio da Silva -- O teatro cômico de Artur Azevedo / Kelly Cristina dos Santos -- O teatro cômico de Machado de Assis / Ana Paula Rocha Vital Araújo -- Notas sobre a tradição luciânica nas crônicas machidianas / Iasmim Santos Ferreira, Jacqueline Ramos.</subfield>
  </datafield>
  <datafield tag="650" ind1=" " ind2="0">
    <subfield code="a">Brazilian literature</subfield>
    <subfield code="y">19th century</subfield>
    <subfield code="x">History and criticism.</subfield>
  </datafield>
  <datafield tag="650" ind1=" " ind2="0">
    <subfield code="a">Comicality in literature.</subfield>
  </datafield>
  <datafield tag="650" ind1=" " ind2="7">
    <subfield code="a">Brazilian literature</subfield>
    <subfield code="2">fast</subfield>
    <subfield code="0">(OCoLC)fst00838112</subfield>
  </datafield>
  <datafield tag="650" ind1=" " ind2="7">
    <subfield code="a">Humor in literature</subfield>
    <subfield code="2">fast</subfield>
    <subfield code="0">(OCoLC)fst00963735</subfield>
  </datafield>
  <datafield tag="651" ind1=" " ind2="7">
    <subfield code="a">Brazil</subfield>
    <subfield code="2">fast</subfield>
    <subfield code="0">(OCoLC)fst01206830</subfield>
  </datafield>
  <datafield tag="648" ind1=" " ind2="7">
    <subfield code="a">1800-1899</subfield>
    <subfield code="2">fast</subfield>
  </datafield>
  <datafield tag="655" ind1=" " ind2="7">
    <subfield code="a">Essays</subfield>
    <subfield code="2">fast</subfield>
    <subfield code="0">(OCoLC)fst01919922</subfield>
  </datafield>
  <datafield tag="700" ind1="1" ind2=" ">
    <subfield code="a">Ramos, Jacqueline,</subfield>
    <subfield code="e">editor,</subfield>
    <subfield code="e">contributor.</subfield>
  </datafield>
  <datafield tag="700" ind1="1" ind2=" ">
    <subfield code="a">Demétrio da Silva, Leonor,</subfield>
    <subfield code="e">contributor.</subfield>
  </datafield>
  <datafield tag="700" ind1="1" ind2=" ">
    <subfield code="a">Santos, Kelly Cristina dos,</subfield>
    <subfield code="e">contributor.</subfield>
  </datafield>
  <datafield tag="700" ind1="1" ind2=" ">
    <subfield code="a">Araújo, Ana Paula Rocha Vital,</subfield>
    <subfield code="e">contributor.</subfield>
  </datafield>
  <datafield tag="700" ind1="1" ind2=" ">
    <subfield code="a">Santos Ferreira, Iasmim,</subfield>
    <subfield code="e">contributor.</subfield>
  </datafield>
  <datafield tag="985" ind1=" " ind2=" ">
    <subfield code="e">ODE-rj</subfield>
  </datafield>
</record>