
<record>
  <leader>02571cam a2200325 i 4500</leader>
  <controlfield tag="001">20955951</controlfield>
  <controlfield tag="005">20200103193057.0</controlfield>
  <controlfield tag="008">190430t20202020enk      b    001 0 eng  </controlfield>
  <datafield tag="906" ind1=" " ind2=" ">
    <subfield code="a">7</subfield>
    <subfield code="b">cbc</subfield>
    <subfield code="c">orignew</subfield>
    <subfield code="d">1</subfield>
    <subfield code="e">ecip</subfield>
    <subfield code="f">20</subfield>
    <subfield code="g">y-gencatlg</subfield>
  </datafield>
  <datafield tag="925" ind1="0" ind2=" ">
    <subfield code="a">acquire</subfield>
    <subfield code="b">1 shelf copy</subfield>
    <subfield code="x">policy default</subfield>
  </datafield>
  <datafield tag="955" ind1=" " ind2=" ">
    <subfield code="b">rk14 2019-04-30</subfield>
    <subfield code="c">rk14 2019-04-30 telework to subj</subfield>
    <subfield code="d">re17 2019-07-10 to Dewey</subfield>
    <subfield code="w">xm08 2019-07-11</subfield>
    <subfield code="a">xn11 2019-11-07 1 copy rec&apos;d., to CIP ver.</subfield>
    <subfield code="a">rl00 2019-11-20 to SMA</subfield>
    <subfield code="a">rl46 2019-11-20</subfield>
    <subfield code="a">rl00 2019-11-20 to SMA</subfield>
    <subfield code="a">rl46 2019-11-20</subfield>
    <subfield code="f">rl46 2020-01-03 (telework) to CALM</subfield>
  </datafield>
  <datafield tag="010" ind1=" " ind2=" ">
    <subfield code="a">  2019014305</subfield>
  </datafield>
  <datafield tag="020" ind1=" " ind2=" ">
    <subfield code="a">9780367262914</subfield>
    <subfield code="q">(hbk)</subfield>
  </datafield>
  <datafield tag="020" ind1=" " ind2=" ">
    <subfield code="a">9780367262938</subfield>
    <subfield code="q">(pbk)</subfield>
  </datafield>
  <datafield tag="020" ind1=" " ind2=" ">
    <subfield code="z">9780429292408</subfield>
    <subfield code="q">(ebk)</subfield>
  </datafield>
  <datafield tag="040" ind1=" " ind2=" ">
    <subfield code="a">DLC</subfield>
    <subfield code="b">eng</subfield>
    <subfield code="c">DLC</subfield>
    <subfield code="e">rda</subfield>
    <subfield code="d">DLC</subfield>
  </datafield>
  <datafield tag="042" ind1=" " ind2=" ">
    <subfield code="a">pcc</subfield>
  </datafield>
  <datafield tag="050" ind1="0" ind2="0">
    <subfield code="a">RC394.C7</subfield>
    <subfield code="b">M35 2020</subfield>
  </datafield>
  <datafield tag="082" ind1="0" ind2="0">
    <subfield code="a">617.4/81044</subfield>
    <subfield code="2">23</subfield>
  </datafield>
  <datafield tag="100" ind1="1" ind2=" ">
    <subfield code="a">Malcolm, Dominic,</subfield>
    <subfield code="d">1969-</subfield>
    <subfield code="e">author.</subfield>
  </datafield>
  <datafield tag="245" ind1="1" ind2="4">
    <subfield code="a">The concussion crisis in sport /</subfield>
    <subfield code="c">Dominic Malcolm.</subfield>
  </datafield>
  <datafield tag="264" ind1=" " ind2="1">
    <subfield code="a">London ;</subfield>
    <subfield code="a">New York :</subfield>
    <subfield code="b">Routledge, Taylor &amp; Francis Group,</subfield>
    <subfield code="c">2020.</subfield>
  </datafield>
  <datafield tag="300" ind1=" " ind2=" ">
    <subfield code="a">viii, 126 pages ;</subfield>
    <subfield code="c">25 cm</subfield>
  </datafield>
  <datafield tag="336" ind1=" " ind2=" ">
    <subfield code="a">text</subfield>
    <subfield code="b">txt</subfield>
    <subfield code="2">rdacontent</subfield>
  </datafield>
  <datafield tag="337" ind1=" " ind2=" ">
    <subfield code="a">unmediated</subfield>
    <subfield code="b">n</subfield>
    <subfield code="2">rdamedia</subfield>
  </datafield>
  <datafield tag="338" ind1=" " ind2=" ">
    <subfield code="a">volume</subfield>
    <subfield code="b">nc</subfield>
    <subfield code="2">rdacarrier</subfield>
  </datafield>
  <datafield tag="520" ind1=" " ind2=" ">
    <subfield code="a">&quot;Concussion has become one of the most significant issues in contemporary sport. The life-changing impact of head injury and the possible threat that CTE poses to children and young athletes in particular is calling into question the long-term future of some of our most well-established sports. But what are the real issues behind the headlines and the public outcry, and what can and should be done to save sport from itself? This concise, provocative introduction draws on perspectives from sociology, medicine, ethics, psychology and public health to answer these questions and more. The book explores the context in which the current cultural crisis has emerged. It assesses the current state of biomedical knowledge; the ethics of regulating for brain injury; the contribution of the social sciences to understanding the behaviour of sports participants, and the impact of public health interventions and campaigns. Drawing on the latest research evidence, the book explores the social roots of sport&apos;s concussion crisis and assesses potential future solutions that might resolve this crisis. This is essential reading for anybody with an interest in sport, from students and researchers to athletes, coaches, teachers, parents, policy-makers and clinicians&quot;--</subfield>
    <subfield code="c">Provided by publisher.</subfield>
  </datafield>
  <datafield tag="504" ind1=" " ind2=" ">
    <subfield code="a">Includes bibliographical references and index.</subfield>
  </datafield>
  <datafield tag="650" ind1=" " ind2="0">
    <subfield code="a">Brain</subfield>
    <subfield code="x">Concussion.</subfield>
  </datafield>
  <datafield tag="650" ind1=" " ind2="0">
    <subfield code="a">Sports injuries.</subfield>
  </datafield>
</record>