
<record>
  <leader>04760cam a22004335i 4500</leader>
  <controlfield tag="001">20962344</controlfield>
  <controlfield tag="005">20200103105636.0</controlfield>
  <controlfield tag="008">190412s2018    sp       b    000 0 spa  </controlfield>
  <datafield tag="906" ind1=" " ind2=" ">
    <subfield code="a">0</subfield>
    <subfield code="b">ibc</subfield>
    <subfield code="c">origres</subfield>
    <subfield code="d">2</subfield>
    <subfield code="e">ncip</subfield>
    <subfield code="f">20</subfield>
    <subfield code="g">y-gencatlg</subfield>
  </datafield>
  <datafield tag="925" ind1="0" ind2=" ">
    <subfield code="a">acquire</subfield>
    <subfield code="b">1 shelf copy</subfield>
    <subfield code="x">policy default</subfield>
  </datafield>
  <datafield tag="955" ind1=" " ind2=" ">
    <subfield code="a">ve36 2019-05-03</subfield>
    <subfield code="b">be13 2019-06-13 to LL</subfield>
  </datafield>
  <datafield tag="010" ind1=" " ind2=" ">
    <subfield code="a">  2019400987</subfield>
  </datafield>
  <datafield tag="020" ind1=" " ind2=" ">
    <subfield code="a">9788491779025</subfield>
    <subfield code="q">(paperback)</subfield>
  </datafield>
  <datafield tag="035" ind1=" " ind2=" ">
    <subfield code="a">(SP-BaPL)pu190668862</subfield>
  </datafield>
  <datafield tag="040" ind1=" " ind2=" ">
    <subfield code="a">DLC</subfield>
    <subfield code="b">eng</subfield>
    <subfield code="c">DLC</subfield>
    <subfield code="e">rda</subfield>
  </datafield>
  <datafield tag="042" ind1=" " ind2=" ">
    <subfield code="a">pcc</subfield>
  </datafield>
  <datafield tag="245" ind1="0" ind2="0">
    <subfield code="a">Derechos del condenado y necesidad de pena /</subfield>
    <subfield code="c">Carmen Juanatey Dorado, Natalia Sánchez-Moraleda Vilches [directoras].</subfield>
  </datafield>
  <datafield tag="250" ind1=" " ind2=" ">
    <subfield code="a">1. ed.</subfield>
  </datafield>
  <datafield tag="264" ind1=" " ind2="1">
    <subfield code="a">Cizur Menor (Navarra) :</subfield>
    <subfield code="b">Thomson Reuters Aranzadi,</subfield>
    <subfield code="c">2018.</subfield>
  </datafield>
  <datafield tag="300" ind1=" " ind2=" ">
    <subfield code="a">429 pages ;</subfield>
    <subfield code="c">24 cm.</subfield>
  </datafield>
  <datafield tag="336" ind1=" " ind2=" ">
    <subfield code="a">text</subfield>
    <subfield code="b">txt</subfield>
    <subfield code="2">rdacontent</subfield>
  </datafield>
  <datafield tag="337" ind1=" " ind2=" ">
    <subfield code="a">unmediated</subfield>
    <subfield code="b">n</subfield>
    <subfield code="2">rdamedia</subfield>
  </datafield>
  <datafield tag="338" ind1=" " ind2=" ">
    <subfield code="a">volume</subfield>
    <subfield code="b">nc</subfield>
    <subfield code="2">rdacarrier</subfield>
  </datafield>
  <datafield tag="490" ind1="0" ind2=" ">
    <subfield code="a">Estudios</subfield>
  </datafield>
  <datafield tag="500" ind1=" " ind2=" ">
    <subfield code="a">Collected essays.</subfield>
  </datafield>
  <datafield tag="500" ind1=" " ind2=" ">
    <subfield code="a">Print volume and access code for electronic version.</subfield>
  </datafield>
  <datafield tag="504" ind1=" " ind2=" ">
    <subfield code="a">Includes bibliographical references.</subfield>
  </datafield>
  <datafield tag="520" ind1="3" ind2=" ">
    <subfield code="a">Esta obra recoge una serie de estudios sobre la conveniencia de establecer un equilibrio entre las razones de necesidad de pena y los derechos de las personas condenadas. En este sentido, se ha tenido en cuenta la repercusión que las reformas penales de 2015 han tenido sobre esta cuestión. El trabajo se divide en tres partes. En la primera, se realizan una serie de reflexiones de política criminal relacionadas con el objeto de la obra. En la segunda parte se presentan algunas contribuciones sobre los problemas de necesidad de pena en relación con algunos delitos en particular. Y, en la tercera parte, se recogen diversos trabajos que profundizan en algunos aspectos relativos a la ejecución de las penas y sus problemática. Las conclusiones invitan a reflexionar sobre importancia de trabajar en el diseño de un modelo garantista que permita alcanzar una relación ponderada entre los intereses individuales de las personas condenadas y los intereses públicos en torno al castigo, incluidos en su caso de las víctimas.</subfield>
  </datafield>
  <datafield tag="505" ind1="0" ind2=" ">
    <subfield code="a">Parte I. REFLEXIONES DE POLÍTICA CRIMINAL Capítulo I. El sistema sancionatorio entre automatismos legislativos y discrecionalidad judicial Capítulo II. Un concepto de persona jurídica en el limbo penal: el caso de la sociedad unipersonal Capítulo III. Elementos victimológicos en la definición de la necesidad de pena. Aportaciones críticas desde la justicia restaurativa Capítulo IV. Prevenir y evitar: consideraciones en torno a un modelo de intervención penal anticipativa Capítulo V. Razones de necesidad de pena y consecuencias jurídicas innominadas en la parte especial del código penal Parte II. PROBLEMAS DE NECESIDAD DE PENA EN RELACIÓN CON ALGUNOS DELITOS Capítulo VI. Reflexiones de política criminal sobre las penas en los delitos de corrupción pública Capítulo VII. Apuntes sobre la responsabilidad penal de los partidos políticos, la corrupción política y la disolución de la persona jurídica Capítulo VIII. Razones de necesidad de pena para el actual tratamiento punitivo del terrorismo. Especial referencia al denominado &quot;Terrorismo individual&quot; Capítulo IX. Punitivismo postpenitenciario. El registro central de delincuentes sexuales y la inhabilitación para profesiones de contacto con menores Parte III. ASPECTOS RELATIVOS A LA EJECUCIÓN DE LAS PENAS Capítulo X. La jurisprudencia del tribunal Europeo de Derechos Humanos acerca de los Derechos de las Personas privadadas de libertad: entre garantismo y compromisos políticos Capítulo XI. La resocialización como obligación positiva del estado en la jurisprudencia del Tribunal Europeo de Derechos Humanos Capítulo XII. Derechos del condenado versus derechos de la víctima en la ejecución penitenciaria Capítulo XIII. Madres con hijos en prisión: una visión comparada de los sistemas penitenciarios español e italiano Capítulo XIV. Configuración legal y desarrollo normativo de la práctica penitenciaria frente a la delincuencia de género Capítulo XV. La ejecución de la prisión permanente bajo el régimen del art. 4 BIS de la Ley Penitenciaria italiana Capítulo XVI. La asistencia social penitenciaria. ¿Un derecho del condenado?</subfield>
  </datafield>
  <datafield tag="650" ind1=" " ind2="4">
    <subfield code="a">Penas</subfield>
    <subfield code="z">España</subfield>
  </datafield>
  <datafield tag="650" ind1=" " ind2="4">
    <subfield code="a">Justicia penal</subfield>
    <subfield code="x">Administración</subfield>
    <subfield code="z">España</subfield>
  </datafield>
  <datafield tag="650" ind1=" " ind2="4">
    <subfield code="a">Derecho penal</subfield>
    <subfield code="x">Interpretación</subfield>
  </datafield>
  <datafield tag="650" ind1="0" ind2="7">
    <subfield code="a">Presos -</subfield>
    <subfield code="x">Derechos -</subfield>
    <subfield code="z">España</subfield>
    <subfield code="2">embucm</subfield>
  </datafield>
  <datafield tag="650" ind1="0" ind2="7">
    <subfield code="a">Derecho penitenciario -</subfield>
    <subfield code="z">España</subfield>
    <subfield code="2">embucm</subfield>
  </datafield>
  <datafield tag="650" ind1="0" ind2="7">
    <subfield code="a">Prison Law -</subfield>
    <subfield code="z">Spain</subfield>
    <subfield code="2">embucm</subfield>
  </datafield>
  <datafield tag="700" ind1="1" ind2=" ">
    <subfield code="a">Juanatey Dorado, Carmen.</subfield>
  </datafield>
  <datafield tag="700" ind1="1" ind2=" ">
    <subfield code="a">Sánchez-Moraleda Vilches, Natalia.</subfield>
  </datafield>
  <datafield tag="923" ind1=" " ind2=" ">
    <subfield code="d">20190429</subfield>
    <subfield code="n">212697</subfield>
    <subfield code="s">SP-BaPL</subfield>
  </datafield>
  <datafield tag="985" ind1=" " ind2=" ">
    <subfield code="e">VENDOR LOAD</subfield>
  </datafield>
</record>