
<record>
  <leader>02622cam a22003855i 4500</leader>
  <controlfield tag="001">20962362</controlfield>
  <controlfield tag="005">20200103151704.0</controlfield>
  <controlfield tag="008">190412s2018    sp a          000 0 spa  </controlfield>
  <datafield tag="906" ind1=" " ind2=" ">
    <subfield code="a">0</subfield>
    <subfield code="b">ibc</subfield>
    <subfield code="c">origres</subfield>
    <subfield code="d">2</subfield>
    <subfield code="e">ncip</subfield>
    <subfield code="f">20</subfield>
    <subfield code="g">y-gencatlg</subfield>
  </datafield>
  <datafield tag="925" ind1="0" ind2=" ">
    <subfield code="a">acquire</subfield>
    <subfield code="b">1 shelf copy</subfield>
    <subfield code="x">policy default</subfield>
  </datafield>
  <datafield tag="955" ind1=" " ind2=" ">
    <subfield code="a">ve36 2019-05-03</subfield>
    <subfield code="b">be13 2019-06-11 to LL</subfield>
  </datafield>
  <datafield tag="010" ind1=" " ind2=" ">
    <subfield code="a">  2019400935</subfield>
  </datafield>
  <datafield tag="020" ind1=" " ind2=" ">
    <subfield code="a">9788491905813</subfield>
    <subfield code="q">(paperback)</subfield>
  </datafield>
  <datafield tag="035" ind1=" " ind2=" ">
    <subfield code="a">(SP-BaPL)pu190668834</subfield>
  </datafield>
  <datafield tag="040" ind1=" " ind2=" ">
    <subfield code="a">DLC</subfield>
    <subfield code="b">eng</subfield>
    <subfield code="c">DLC</subfield>
    <subfield code="e">rda</subfield>
  </datafield>
  <datafield tag="042" ind1=" " ind2=" ">
    <subfield code="a">pcc</subfield>
  </datafield>
  <datafield tag="245" ind1="0" ind2="0">
    <subfield code="a">Manual de derecho presupuestario y de los gastos públicos /</subfield>
    <subfield code="c">coordinador, Luis Alfonso Martínez Giner ; autores, Eva Aliaga Agulló [and five others].</subfield>
  </datafield>
  <datafield tag="250" ind1=" " ind2=" ">
    <subfield code="a">3a. edición.</subfield>
  </datafield>
  <datafield tag="264" ind1=" " ind2="1">
    <subfield code="a">Valencia :</subfield>
    <subfield code="b">Tirant lo Blanch,</subfield>
    <subfield code="c">2018.</subfield>
  </datafield>
  <datafield tag="300" ind1=" " ind2=" ">
    <subfield code="a">312 pages :</subfield>
    <subfield code="b">illustrations ;</subfield>
    <subfield code="c">24 cm.</subfield>
  </datafield>
  <datafield tag="336" ind1=" " ind2=" ">
    <subfield code="a">text</subfield>
    <subfield code="b">txt</subfield>
    <subfield code="2">rdacontent</subfield>
  </datafield>
  <datafield tag="337" ind1=" " ind2=" ">
    <subfield code="a">unmediated</subfield>
    <subfield code="b">n</subfield>
    <subfield code="2">rdamedia</subfield>
  </datafield>
  <datafield tag="338" ind1=" " ind2=" ">
    <subfield code="a">volume</subfield>
    <subfield code="b">nc</subfield>
    <subfield code="2">rdacarrier</subfield>
  </datafield>
  <datafield tag="490" ind1="0" ind2=" ">
    <subfield code="a">Tirant tributario. Manuales</subfield>
  </datafield>
  <datafield tag="500" ind1=" " ind2=" ">
    <subfield code="a">Print volume and access code for electronic version.</subfield>
  </datafield>
  <datafield tag="505" ind1="8" ind2=" ">
    <subfield code="a">Conté: Lección 1. El presupuesto del estado. Concepto y contenido / Amparo Navarro Faure -- Lección 2. Los principios jurídicos presupuestarios / Amparo Navarro Faure -- Lección 3. El ciclo presupuestario I: elaboración y aprobación de los presupuestos generales del estado / Aurora Ribes Ribes -- Lección 4. El ciclo presupuestario II: régimen jurídico del crédito presupuestario. las modificaciones presupuestarias. Liquidación y cierre del presupuesto / Aurora Ribes Ribes, Luis Alfonso Martínez Giner -- Lección 5. El control de la actividad financera / Begoña Pérez Barnabéu -- Lección 6. El tesoro público / Eva Aliaga Agulló -- Lección 7. El derecho de los gastos públicos / Luis Alfonso Martínez Giner -- Lección 8. Aspectos procedimentales del gasto público / Luis Alfonso Martínez Giner -- Lección 9. La subvención / Begoña Pérez Bernabéu -- Lección 10. El presupuesto de la hacienda autonómica / Paula Vicente-Arche Coloma -- Lección 11. El presupuesto de la hacienda local / Paula Vicente-Arche Coloma -- Lección 12. El presupuesto de la Unión Europea / Begoña Pérez Bernabéu.</subfield>
  </datafield>
  <datafield tag="650" ind1=" " ind2="4">
    <subfield code="a">Presupuesto</subfield>
    <subfield code="x">Derecho</subfield>
    <subfield code="z">España</subfield>
    <subfield code="v">Guías, manuales, etc</subfield>
  </datafield>
  <datafield tag="650" ind1=" " ind2="4">
    <subfield code="a">Derecho financiero</subfield>
    <subfield code="z">España</subfield>
    <subfield code="v">Guías, manuales, etc</subfield>
  </datafield>
  <datafield tag="650" ind1=" " ind2="4">
    <subfield code="a">Gestión presupuestaria</subfield>
    <subfield code="v">Guías, manuales, etc</subfield>
  </datafield>
  <datafield tag="650" ind1=" " ind2="7">
    <subfield code="a">Despeses públiques.</subfield>
    <subfield code="2">thub</subfield>
  </datafield>
  <datafield tag="650" ind1=" " ind2="7">
    <subfield code="a">Pressupost.</subfield>
    <subfield code="2">thub</subfield>
  </datafield>
  <datafield tag="651" ind1=" " ind2="7">
    <subfield code="a">Espanya.</subfield>
    <subfield code="2">thub</subfield>
  </datafield>
  <datafield tag="700" ind1="1" ind2=" ">
    <subfield code="a">Martínez Giner, Luis Alfonso,</subfield>
    <subfield code="e">editor.</subfield>
  </datafield>
  <datafield tag="923" ind1=" " ind2=" ">
    <subfield code="d">20190429</subfield>
    <subfield code="n">212696</subfield>
    <subfield code="s">SP-BaPL</subfield>
  </datafield>
  <datafield tag="985" ind1=" " ind2=" ">
    <subfield code="e">VENDOR LOAD</subfield>
  </datafield>
</record>