
<record>
  <leader>04502cam a22003855i 4500</leader>
  <controlfield tag="001">20962381</controlfield>
  <controlfield tag="005">20200103123052.0</controlfield>
  <controlfield tag="008">190411s2018    sp       b    000 0 spa  </controlfield>
  <datafield tag="906" ind1=" " ind2=" ">
    <subfield code="a">0</subfield>
    <subfield code="b">ibc</subfield>
    <subfield code="c">origres</subfield>
    <subfield code="d">2</subfield>
    <subfield code="e">ncip</subfield>
    <subfield code="f">20</subfield>
    <subfield code="g">y-gencatlg</subfield>
  </datafield>
  <datafield tag="925" ind1="0" ind2=" ">
    <subfield code="a">acquire</subfield>
    <subfield code="b">1 shelf copy</subfield>
    <subfield code="x">policy default</subfield>
  </datafield>
  <datafield tag="955" ind1=" " ind2=" ">
    <subfield code="a">ve36 2019-05-03</subfield>
    <subfield code="b">be13 2019-06-12 to LL</subfield>
  </datafield>
  <datafield tag="010" ind1=" " ind2=" ">
    <subfield code="a">  2019400954</subfield>
  </datafield>
  <datafield tag="020" ind1=" " ind2=" ">
    <subfield code="a">9788491977155</subfield>
    <subfield code="q">(paperback)</subfield>
  </datafield>
  <datafield tag="035" ind1=" " ind2=" ">
    <subfield code="a">(SP-BaPL)pu190668710</subfield>
  </datafield>
  <datafield tag="040" ind1=" " ind2=" ">
    <subfield code="a">DLC</subfield>
    <subfield code="b">eng</subfield>
    <subfield code="c">DLC</subfield>
    <subfield code="e">rda</subfield>
  </datafield>
  <datafield tag="042" ind1=" " ind2=" ">
    <subfield code="a">pcc</subfield>
  </datafield>
  <datafield tag="100" ind1="1" ind2=" ">
    <subfield code="a">Nieto Garrido, Eva.</subfield>
  </datafield>
  <datafield tag="245" ind1="1" ind2="3">
    <subfield code="a">El estatuto constitucional de los entes locales :</subfield>
    <subfield code="b">la autonomía local y la vinculación negativa a la ley : una propuesta de reforma constitucional /</subfield>
    <subfield code="c">Eva Nieto Garrido.</subfield>
  </datafield>
  <datafield tag="250" ind1=" " ind2=" ">
    <subfield code="a">1. ed.</subfield>
  </datafield>
  <datafield tag="264" ind1=" " ind2="1">
    <subfield code="a">Cizur Menor (Navarra) :</subfield>
    <subfield code="b">Thomson Reuters Aranzadi,</subfield>
    <subfield code="c">2018.</subfield>
  </datafield>
  <datafield tag="300" ind1=" " ind2=" ">
    <subfield code="a">241 pages ;</subfield>
    <subfield code="c">24 cm.</subfield>
  </datafield>
  <datafield tag="336" ind1=" " ind2=" ">
    <subfield code="a">text</subfield>
    <subfield code="b">txt</subfield>
    <subfield code="2">rdacontent</subfield>
  </datafield>
  <datafield tag="337" ind1=" " ind2=" ">
    <subfield code="a">unmediated</subfield>
    <subfield code="b">n</subfield>
    <subfield code="2">rdamedia</subfield>
  </datafield>
  <datafield tag="338" ind1=" " ind2=" ">
    <subfield code="a">volume</subfield>
    <subfield code="b">nc</subfield>
    <subfield code="2">rdacarrier</subfield>
  </datafield>
  <datafield tag="490" ind1="0" ind2=" ">
    <subfield code="a">Aranzadi derecho administrativo ;</subfield>
    <subfield code="v">1061</subfield>
  </datafield>
  <datafield tag="500" ind1=" " ind2=" ">
    <subfield code="a">Print volume and access code for electronic version.</subfield>
  </datafield>
  <datafield tag="504" ind1=" " ind2=" ">
    <subfield code="a">Includes bibliographical references (pages 227-241).</subfield>
  </datafield>
  <datafield tag="505" ind1="0" ind2=" ">
    <subfield code="a">I. INTRODUCCIÓN. II. PRIMERA PARTE: LA AUTONOMÍA LOCAL EN SU CONTEXTO I. El principio de autonomía local en la Constitución de 1978 II. La Carta Europea de Autonomía Local III. La doctrina constitucional sobre el principio de autonomía local. III. SEGUNDA PARTE: REVISIÓN CRÍTICA DEL CONFLICTO EN DEFENSA DE LA AUTONOMÍA LOCAL. AUSENCIA DE UN REMEDIO EFECTIVO. I. Introducción II. La configuración legal del conflicto en defensa de la autonomía local III. Conclusiones y propuestas de reforma IV. TERCERA PARTE: EL ESTATUTO CONSTITUCIONAL DE LOS ENTES LOCALES I. Sobre la necesidad de delimitar el estatuto constitucional de los entes locales II. Últimas reformas del sistema de descentralización territorial del Estado con especial referencia a la Administración local III. Hipótesis de trabajo o de defensa en espera de la reforma constitucional IV. El estatuto constitucional de los entes locales. V. ANEXO DE DOCTRINA CONSTITUCIONALVI. BIBLIOGRAFÍA CITADA</subfield>
  </datafield>
  <datafield tag="520" ind1="3" ind2=" ">
    <subfield code="a">La obra contiene una propuesta de reforma constitucional del principio de autonomía local que articula la descentralización territorial del Estado en el nivel local. En el estudio se aprecia el alto grado de desarrollo dogmático del citado principio por parte de la doctrina científica, que no se corresponde con la evolución de la jurisprudencia constitucional. La obra contiene un estudio sistemático y actual de la jurisprudencia del Tribunal constitucional en materia local donde se aprecia cómo, en los últimos años, asistimos a un estancamiento en cuanto a la optimización del principio de autonomía local.El principio de autonomía local como concepto jurídico indeterminado precisa de un desarrollo mínimo en el propio texto constitucional. Se trata de ofrecer un Estatuto constitucional de los entes locales para la futura reforma del Título VIII de la Constitución española, que obviamente no debe limitarse a reformar el sistema de descentralización territorial del Estado en el nivel regional o autonómico, sino que debe ir dirigida a profundizar el modelo federal también en el escalón local. En clave federal se deberá asimismo simplificar el orden constitucional de distribución de competencias de los entes locales, lo que conlleva la defunción del carácter bifronte del régimen local y la interiorización autonómica del mismo. Un ejemplo de la necesidad de la reforma constitucional en materia local se aprecia al analizar la reforma que introdujo la Ley 27/2013, de Racionalización y Sostenibilidad de la Administración Local, así como la evolución de la jurisprudencia constitucional en esta materia, que ha puesto de manifiesto la débil posición de los Estatutos de Autonomía en el sistema de fuentes. En efecto, en la actualidad la ley básica estatal de régimen local constituye canon de control de constitucionalidad de los Estatutos de Autonomía desde la STC 31/2010, que enjuició la constitucionalidad del Estatuto de Autonomía de Cataluña.</subfield>
  </datafield>
  <datafield tag="650" ind1=" " ind2="7">
    <subfield code="a">Autonomia municipal</subfield>
    <subfield code="z">Espanya.</subfield>
    <subfield code="2">lemac</subfield>
  </datafield>
  <datafield tag="650" ind1=" " ind2="7">
    <subfield code="a">Dret municipal</subfield>
    <subfield code="z">Espanya.</subfield>
    <subfield code="2">lemac</subfield>
  </datafield>
  <datafield tag="650" ind1=" " ind2="7">
    <subfield code="a">Autonomía local</subfield>
    <subfield code="x">Jurisprudencia</subfield>
    <subfield code="z">España</subfield>
    <subfield code="2">embucm</subfield>
  </datafield>
  <datafield tag="650" ind1=" " ind2="7">
    <subfield code="a">Local government</subfield>
    <subfield code="x">Jurisprudence</subfield>
    <subfield code="z">Spain</subfield>
    <subfield code="2">embucm</subfield>
  </datafield>
  <datafield tag="923" ind1=" " ind2=" ">
    <subfield code="d">20190429</subfield>
    <subfield code="n">212695</subfield>
    <subfield code="s">SP-BaPL</subfield>
  </datafield>
  <datafield tag="985" ind1=" " ind2=" ">
    <subfield code="e">VENDOR LOAD</subfield>
  </datafield>
</record>