
<record>
  <leader>02744cam a2200469 i 4500</leader>
  <controlfield tag="001">20969189</controlfield>
  <controlfield tag="005">20200103164736.0</controlfield>
  <controlfield tag="008">190510s2018    miu           000 0 eng d</controlfield>
  <datafield tag="906" ind1=" " ind2=" ">
    <subfield code="a">7</subfield>
    <subfield code="b">cbc</subfield>
    <subfield code="c">copycat</subfield>
    <subfield code="d">2</subfield>
    <subfield code="e">ncip</subfield>
    <subfield code="f">20</subfield>
    <subfield code="g">y-gencatlg</subfield>
  </datafield>
  <datafield tag="925" ind1="0" ind2=" ">
    <subfield code="a">acquire</subfield>
    <subfield code="b">1 shelf copy</subfield>
    <subfield code="x">policy default</subfield>
  </datafield>
  <datafield tag="955" ind1=" " ind2=" ">
    <subfield code="b">rn06 2019-05-10 z-processor 1 copy to USPRLL</subfield>
    <subfield code="i">xk06 2020-01-03 to CALM</subfield>
  </datafield>
  <datafield tag="010" ind1=" " ind2=" ">
    <subfield code="a">  2018276080</subfield>
  </datafield>
  <datafield tag="020" ind1=" " ind2=" ">
    <subfield code="a">9781596068940</subfield>
    <subfield code="q">(signed hardcover)</subfield>
  </datafield>
  <datafield tag="020" ind1=" " ind2=" ">
    <subfield code="a">1596068949</subfield>
    <subfield code="q">(signed hardcover)</subfield>
  </datafield>
  <datafield tag="035" ind1=" " ind2=" ">
    <subfield code="a">(OCoLC)on1054829817</subfield>
  </datafield>
  <datafield tag="040" ind1=" " ind2=" ">
    <subfield code="a">YDX</subfield>
    <subfield code="b">eng</subfield>
    <subfield code="c">YDX</subfield>
    <subfield code="e">rda</subfield>
    <subfield code="d">UAP</subfield>
    <subfield code="d">JAI</subfield>
    <subfield code="d">IG$</subfield>
    <subfield code="d">OCLCQ</subfield>
    <subfield code="d">QQ3</subfield>
    <subfield code="d">OCLCF</subfield>
    <subfield code="d">UPM</subfield>
    <subfield code="d">T7X</subfield>
    <subfield code="d">MYL</subfield>
    <subfield code="d">ZQP</subfield>
    <subfield code="d">VP@</subfield>
    <subfield code="d">B@L</subfield>
    <subfield code="d">OCLCO</subfield>
    <subfield code="d">PUL</subfield>
    <subfield code="d">OCLCO</subfield>
    <subfield code="d">BFI</subfield>
    <subfield code="d">OCLCO</subfield>
    <subfield code="d">DLC</subfield>
  </datafield>
  <datafield tag="042" ind1=" " ind2=" ">
    <subfield code="a">lccopycat</subfield>
  </datafield>
  <datafield tag="043" ind1=" " ind2=" ">
    <subfield code="a">n-us---</subfield>
  </datafield>
  <datafield tag="050" ind1="0" ind2="0">
    <subfield code="a">PS3619.C256</subfield>
    <subfield code="b">V57 2018</subfield>
  </datafield>
  <datafield tag="082" ind1="0" ind2="4">
    <subfield code="a">818/.069</subfield>
    <subfield code="2">23</subfield>
  </datafield>
  <datafield tag="100" ind1="1" ind2=" ">
    <subfield code="a">Scalzi, John,</subfield>
    <subfield code="d">1969-</subfield>
    <subfield code="e">author.</subfield>
  </datafield>
  <datafield tag="245" ind1="1" ind2="0">
    <subfield code="a">Virtue signaling and other heresies :</subfield>
    <subfield code="b">selected writings from Whatever 2013-2018 /</subfield>
    <subfield code="c">John Scalzi.</subfield>
  </datafield>
  <datafield tag="250" ind1=" " ind2=" ">
    <subfield code="a">Signed limited edition.</subfield>
  </datafield>
  <datafield tag="264" ind1=" " ind2="1">
    <subfield code="a">Burton, MI :</subfield>
    <subfield code="b">Subterranean Press,</subfield>
    <subfield code="c">2018.</subfield>
  </datafield>
  <datafield tag="300" ind1=" " ind2=" ">
    <subfield code="a">429 pages ;</subfield>
    <subfield code="c">24 cm</subfield>
  </datafield>
  <datafield tag="336" ind1=" " ind2=" ">
    <subfield code="a">text</subfield>
    <subfield code="b">txt</subfield>
    <subfield code="2">rdacontent</subfield>
  </datafield>
  <datafield tag="337" ind1=" " ind2=" ">
    <subfield code="a">unmediated</subfield>
    <subfield code="b">n</subfield>
    <subfield code="2">rdamedia</subfield>
  </datafield>
  <datafield tag="338" ind1=" " ind2=" ">
    <subfield code="a">volume</subfield>
    <subfield code="b">nc</subfield>
    <subfield code="2">rdacarrier</subfield>
  </datafield>
  <datafield tag="520" ind1=" " ind2=" ">
    <subfield code="a">&quot;For twenty years now--yes, twenty--John Scalzi has been writing on his blog Whatever, writing about, well, whatever: Politics, writing, cats, the internet and the great social and cultural events of our times. In that time he&apos;s gone from being just another crank online to being a bestselling, award-winning crank, i.e., the very best kind of crank there is. With Virtue Signaling and Other Heresies, Scalzi looks back on the years 2013 through 2018. In this volume, Scalzi delves through the final term of Obama and the ushering in of the Trump years, surveys the increasingly-hostil online landscape, goes to the movies, and talks on subjects ranging from #MeToo to the teachers who shaped him growing up. Through it all, Scalzi&apos;s distinct voice -- funny, sarcastic, passionate, sometimes angry, and honed by two decades of daily writing served up to hundreds of thousands of readers monthly--is on full display&quot;--Jacket.</subfield>
  </datafield>
  <datafield tag="600" ind1="1" ind2="0">
    <subfield code="a">Scalzi, John,</subfield>
    <subfield code="d">1969-</subfield>
    <subfield code="v">Blogs.</subfield>
  </datafield>
  <datafield tag="650" ind1=" " ind2="0">
    <subfield code="a">American essays</subfield>
    <subfield code="y">21st century.</subfield>
  </datafield>
  <datafield tag="650" ind1=" " ind2="0">
    <subfield code="a">Popular culture</subfield>
    <subfield code="z">United States.</subfield>
  </datafield>
  <datafield tag="651" ind1=" " ind2="0">
    <subfield code="a">United States</subfield>
    <subfield code="x">Politics and government</subfield>
    <subfield code="y">21st century.</subfield>
  </datafield>
  <datafield tag="655" ind1=" " ind2="4">
    <subfield code="a">Nonfiction.</subfield>
  </datafield>
  <datafield tag="600" ind1="1" ind2="7">
    <subfield code="a">Scalzi, John,</subfield>
    <subfield code="d">1969-</subfield>
    <subfield code="2">fast</subfield>
    <subfield code="0">(OCoLC)fst01960414</subfield>
  </datafield>
  <datafield tag="650" ind1=" " ind2="7">
    <subfield code="a">American essays.</subfield>
    <subfield code="2">fast</subfield>
    <subfield code="0">(OCoLC)fst00807040</subfield>
  </datafield>
  <datafield tag="650" ind1=" " ind2="7">
    <subfield code="a">Politics and government.</subfield>
    <subfield code="2">fast</subfield>
    <subfield code="0">(OCoLC)fst01919741</subfield>
  </datafield>
  <datafield tag="650" ind1=" " ind2="7">
    <subfield code="a">Popular culture.</subfield>
    <subfield code="2">fast</subfield>
    <subfield code="0">(OCoLC)fst01071344</subfield>
  </datafield>
  <datafield tag="651" ind1=" " ind2="7">
    <subfield code="a">United States.</subfield>
    <subfield code="2">fast</subfield>
    <subfield code="0">(OCoLC)fst01204155</subfield>
  </datafield>
  <datafield tag="648" ind1=" " ind2="7">
    <subfield code="a">2000-2099</subfield>
    <subfield code="2">fast</subfield>
  </datafield>
  <datafield tag="655" ind1=" " ind2="7">
    <subfield code="a">Blogs.</subfield>
    <subfield code="2">fast</subfield>
    <subfield code="0">(OCoLC)fst01692825</subfield>
  </datafield>
  <datafield tag="655" ind1=" " ind2="7">
    <subfield code="a">Essays.</subfield>
    <subfield code="2">lcgft</subfield>
  </datafield>
</record>