
<record>
  <leader>01780cam a22003615i 4500</leader>
  <controlfield tag="001">20970070</controlfield>
  <controlfield tag="005">20200103141545.0</controlfield>
  <controlfield tag="008">181109s2019    ne            000 1 dut d</controlfield>
  <datafield tag="906" ind1=" " ind2=" ">
    <subfield code="a">0</subfield>
    <subfield code="b">ibc</subfield>
    <subfield code="c">copycat</subfield>
    <subfield code="d">3</subfield>
    <subfield code="e">ncip</subfield>
    <subfield code="f">20</subfield>
    <subfield code="g">y-gencatlg</subfield>
  </datafield>
  <datafield tag="925" ind1="0" ind2=" ">
    <subfield code="a">acquire</subfield>
    <subfield code="b">1 shelf copy</subfield>
    <subfield code="x">policy default</subfield>
  </datafield>
  <datafield tag="955" ind1=" " ind2=" ">
    <subfield code="a">ve13 2019-05-10</subfield>
    <subfield code="b">bd34 2019-05-11</subfield>
    <subfield code="b">bd34 2020-01-02 z-processor</subfield>
    <subfield code="i">bd34 2020-01-02</subfield>
  </datafield>
  <datafield tag="010" ind1=" " ind2=" ">
    <subfield code="a">  2019389507</subfield>
  </datafield>
  <datafield tag="020" ind1=" " ind2=" ">
    <subfield code="a">9789044640038</subfield>
    <subfield code="q">(paperback)</subfield>
  </datafield>
  <datafield tag="020" ind1=" " ind2=" ">
    <subfield code="a">9044640038</subfield>
    <subfield code="q">(paperback)</subfield>
  </datafield>
  <datafield tag="035" ind1=" " ind2=" ">
    <subfield code="a">(OCoLC)on1082308476</subfield>
  </datafield>
  <datafield tag="040" ind1=" " ind2=" ">
    <subfield code="a">ERASA</subfield>
    <subfield code="b">eng</subfield>
    <subfield code="c">ERASA</subfield>
    <subfield code="e">rda</subfield>
    <subfield code="d">L2U</subfield>
    <subfield code="d">QGK</subfield>
    <subfield code="d">IUL</subfield>
    <subfield code="d">OCLCO</subfield>
    <subfield code="d">OCLCF</subfield>
    <subfield code="d">DLC</subfield>
  </datafield>
  <datafield tag="042" ind1=" " ind2=" ">
    <subfield code="a">lccopycat</subfield>
  </datafield>
  <datafield tag="082" ind1="0" ind2="4">
    <subfield code="a">839.31</subfield>
  </datafield>
  <datafield tag="050" ind1="0" ind2="0">
    <subfield code="a">PT5881.12.R8943</subfield>
    <subfield code="b">Z45 2019</subfield>
  </datafield>
  <datafield tag="100" ind1="1" ind2=" ">
    <subfield code="a">Brusselmans, Herman,</subfield>
    <subfield code="d">1957-</subfield>
    <subfield code="e">author.</subfield>
  </datafield>
  <datafield tag="245" ind1="1" ind2="0">
    <subfield code="a">Zo dom als Albert Einstein /</subfield>
    <subfield code="c">Herman Brusselmans.</subfield>
  </datafield>
  <datafield tag="246" ind1="3" ind2="4">
    <subfield code="a">Zo dom als Albert Einstein :</subfield>
    <subfield code="b">roman</subfield>
  </datafield>
  <datafield tag="264" ind1=" " ind2="1">
    <subfield code="a">Amsterdam :</subfield>
    <subfield code="b">Prometheus,</subfield>
    <subfield code="c">2019.</subfield>
  </datafield>
  <datafield tag="300" ind1=" " ind2=" ">
    <subfield code="a">223 pages ;</subfield>
    <subfield code="c">20 cm</subfield>
  </datafield>
  <datafield tag="336" ind1=" " ind2=" ">
    <subfield code="a">text</subfield>
    <subfield code="b">txt</subfield>
    <subfield code="2">rdacontent</subfield>
  </datafield>
  <datafield tag="337" ind1=" " ind2=" ">
    <subfield code="a">unmediated</subfield>
    <subfield code="b">n</subfield>
    <subfield code="2">rdamedia</subfield>
  </datafield>
  <datafield tag="338" ind1=" " ind2=" ">
    <subfield code="a">volume</subfield>
    <subfield code="b">nc</subfield>
    <subfield code="2">rdacarrier</subfield>
  </datafield>
  <datafield tag="520" ind1="8" ind2=" ">
    <subfield code="a">Herman Brusselmans laat z&apos;n licht schijnen over de wereld van het amateurtoneel. Een vereniging uit Gent speelt een stuk van een Nederlander, heeft daarbij voor een van de rollen een acteur nodig die kan drummen, maar vindt die niet in eigen rangen. Onverwacht stuiten ze op een bekend persoon die hen, op z&apos;n eigen manier, uit de brand kan helpen. &apos;Zo dom als Albert Einstein&apos; is een komische roman, zij het met flarden van tragiek, ettelijke onvermoede zijpaden, en een kijk in de diepten van de doorsnee menselijke ziel.</subfield>
  </datafield>
  <datafield tag="655" ind1=" " ind2="7">
    <subfield code="a">Novels.</subfield>
    <subfield code="2">fast</subfield>
    <subfield code="0">(OCoLC)fst01921742</subfield>
  </datafield>
  <datafield tag="655" ind1=" " ind2="7">
    <subfield code="a">Novels.</subfield>
    <subfield code="2">lcgft</subfield>
  </datafield>
  <datafield tag="650" ind1=" " ind2="7">
    <subfield code="a">18.11 Dutch literature.</subfield>
    <subfield code="2">nbc</subfield>
    <subfield code="0">(NL-LeOCL)077612027</subfield>
  </datafield>
  <datafield tag="923" ind1=" " ind2=" ">
    <subfield code="d">05-02-19</subfield>
    <subfield code="n">I-20117939</subfield>
    <subfield code="s">proquest</subfield>
  </datafield>
  <datafield tag="985" ind1=" " ind2=" ">
    <subfield code="e">VENDOR LOAD</subfield>
  </datafield>
</record>