
<record>
  <leader>01715cam a2200385 i 4500</leader>
  <controlfield tag="001">20980636</controlfield>
  <controlfield tag="005">20200103022556.0</controlfield>
  <controlfield tag="008">190521s2017    ii            000 0chino </controlfield>
  <datafield tag="906" ind1=" " ind2=" ">
    <subfield code="a">7</subfield>
    <subfield code="b">cbc</subfield>
    <subfield code="c">origode</subfield>
    <subfield code="d">3</subfield>
    <subfield code="e">ncip</subfield>
    <subfield code="f">20</subfield>
    <subfield code="g">y-gencatlg</subfield>
  </datafield>
  <datafield tag="925" ind1="0" ind2=" ">
    <subfield code="a">acquire</subfield>
    <subfield code="b">1 shelf copy</subfield>
    <subfield code="x">policy default</subfield>
  </datafield>
  <datafield tag="955" ind1=" " ind2=" ">
    <subfield code="b">wd40 2019-05-21</subfield>
    <subfield code="i">wd40 2020-01-03 to Asian</subfield>
  </datafield>
  <datafield tag="010" ind1=" " ind2=" ">
    <subfield code="a">  2019316856</subfield>
  </datafield>
  <datafield tag="020" ind1=" " ind2=" ">
    <subfield code="a">9788173099441</subfield>
    <subfield code="q">(hardback)</subfield>
  </datafield>
  <datafield tag="025" ind1=" " ind2=" ">
    <subfield code="a">I-H-2019-316856; 12</subfield>
  </datafield>
  <datafield tag="037" ind1=" " ind2=" ">
    <subfield code="b">Library of Congress -- New Delhi Overseas Office</subfield>
  </datafield>
  <datafield tag="040" ind1=" " ind2=" ">
    <subfield code="a">DLC</subfield>
    <subfield code="b">eng</subfield>
    <subfield code="e">rda</subfield>
    <subfield code="c">DLC</subfield>
    <subfield code="d">DLC</subfield>
  </datafield>
  <datafield tag="042" ind1=" " ind2=" ">
    <subfield code="a">lcode</subfield>
    <subfield code="a">pcc</subfield>
  </datafield>
  <datafield tag="050" ind1="0" ind2="0">
    <subfield code="a">PK1818.9.V59</subfield>
    <subfield code="b">Z46 2017</subfield>
  </datafield>
  <datafield tag="100" ind1="1" ind2=" ">
    <subfield code="a">Viyogī, Tārānanda,</subfield>
    <subfield code="d">1966-</subfield>
    <subfield code="e">author.</subfield>
  </datafield>
  <datafield tag="245" ind1="1" ind2="0">
    <subfield code="a">Jīvana kyā jiyā! /</subfield>
    <subfield code="c">Tārānanda Viyogī = Jeevan kya jiya! : (ek rudhibhanjak rachnakar ke utter-parsang) / by Taranand Viyogi.</subfield>
  </datafield>
  <datafield tag="246" ind1="3" ind2="1">
    <subfield code="a">Jeevan kya jiya! :</subfield>
    <subfield code="b">(ek rudhibhanjak rachnakar ke utter-parsang)</subfield>
  </datafield>
  <datafield tag="250" ind1=" " ind2=" ">
    <subfield code="a">Prathama saṃskaraṇa.</subfield>
  </datafield>
  <datafield tag="264" ind1=" " ind2="1">
    <subfield code="a">Naī Dillī :</subfield>
    <subfield code="b">Sastā Sāhitya Maṇḍala Prakāśana,</subfield>
    <subfield code="c">2017.</subfield>
  </datafield>
  <datafield tag="300" ind1=" " ind2=" ">
    <subfield code="a">202 pages ;</subfield>
    <subfield code="c">22 cm</subfield>
  </datafield>
  <datafield tag="336" ind1=" " ind2=" ">
    <subfield code="a">text</subfield>
    <subfield code="b">txt</subfield>
    <subfield code="2">rdacontent</subfield>
  </datafield>
  <datafield tag="337" ind1=" " ind2=" ">
    <subfield code="a">unmediated</subfield>
    <subfield code="b">n</subfield>
    <subfield code="2">rdamedia</subfield>
  </datafield>
  <datafield tag="338" ind1=" " ind2=" ">
    <subfield code="a">volume</subfield>
    <subfield code="b">nc</subfield>
    <subfield code="2">rdacarrier</subfield>
  </datafield>
  <datafield tag="500" ind1=" " ind2=" ">
    <subfield code="a">Other title information from cover: Eka ruṛhibhañjaka racanākāra ke uttara-prasaṅga.</subfield>
  </datafield>
  <datafield tag="520" ind1=" " ind2=" ">
    <subfield code="a">Memoirs of Tārānanda Viyogī, Maithili author about his association with his friend Rājakamala Caudharī, 1929-1967, Maithili and Hindi author.</subfield>
  </datafield>
  <datafield tag="546" ind1=" " ind2=" ">
    <subfield code="a">In Hindi.</subfield>
  </datafield>
  <datafield tag="600" ind1="1" ind2="0">
    <subfield code="a">Viyogī, Tārānanda,</subfield>
    <subfield code="d">1966-</subfield>
    <subfield code="x">Friend and associates.</subfield>
  </datafield>
  <datafield tag="600" ind1="1" ind2="0">
    <subfield code="a">Caudharī, Rājakamala,</subfield>
    <subfield code="d">1929-1967</subfield>
  </datafield>
  <datafield tag="650" ind1=" " ind2="0">
    <subfield code="a">Authors, Maithili</subfield>
    <subfield code="y">20th century</subfield>
    <subfield code="v">Biography.</subfield>
  </datafield>
  <datafield tag="650" ind1=" " ind2="0">
    <subfield code="a">Authors, Hindi</subfield>
    <subfield code="y">20th century</subfield>
    <subfield code="v">Biography.</subfield>
  </datafield>
  <datafield tag="985" ind1=" " ind2=" ">
    <subfield code="e">ODE-nd</subfield>
  </datafield>
</record>