
<record>
  <leader>02719cam a22003495i 4500</leader>
  <controlfield tag="001">20985656</controlfield>
  <controlfield tag="005">20200103164814.0</controlfield>
  <controlfield tag="008">181115s2019    ne a          000 1 dut c</controlfield>
  <datafield tag="906" ind1=" " ind2=" ">
    <subfield code="a">0</subfield>
    <subfield code="b">ibc</subfield>
    <subfield code="c">pccadap</subfield>
    <subfield code="d">3</subfield>
    <subfield code="e">ncip</subfield>
    <subfield code="f">20</subfield>
    <subfield code="g">y-gencatlg</subfield>
  </datafield>
  <datafield tag="925" ind1="0" ind2=" ">
    <subfield code="a">acquire</subfield>
    <subfield code="b">1 shelf copy</subfield>
    <subfield code="x">policy default</subfield>
  </datafield>
  <datafield tag="955" ind1=" " ind2=" ">
    <subfield code="a">ve13 2019-05-24</subfield>
    <subfield code="b">bd34 2019-05-25</subfield>
    <subfield code="b">bd34 2020-01-03 z-processor</subfield>
    <subfield code="i">bd34 2020-01-03</subfield>
  </datafield>
  <datafield tag="010" ind1=" " ind2=" ">
    <subfield code="a">  2019397921</subfield>
  </datafield>
  <datafield tag="020" ind1=" " ind2=" ">
    <subfield code="a">9789029526494</subfield>
    <subfield code="q">(paperback)</subfield>
  </datafield>
  <datafield tag="020" ind1=" " ind2=" ">
    <subfield code="a">9029526491</subfield>
    <subfield code="q">(paperback)</subfield>
  </datafield>
  <datafield tag="035" ind1=" " ind2=" ">
    <subfield code="a">(OCoLC)on1083593976</subfield>
  </datafield>
  <datafield tag="040" ind1=" " ind2=" ">
    <subfield code="a">ERASA</subfield>
    <subfield code="b">eng</subfield>
    <subfield code="c">ERASA</subfield>
    <subfield code="e">rda</subfield>
    <subfield code="d">QGK</subfield>
    <subfield code="d">PAU</subfield>
    <subfield code="d">L2U</subfield>
    <subfield code="d">HLS</subfield>
    <subfield code="d">DLC</subfield>
  </datafield>
  <datafield tag="042" ind1=" " ind2=" ">
    <subfield code="a">pcc</subfield>
  </datafield>
  <datafield tag="044" ind1=" " ind2=" ">
    <subfield code="a">ne</subfield>
    <subfield code="a">be</subfield>
  </datafield>
  <datafield tag="050" ind1="0" ind2="0">
    <subfield code="a">PT5881.29.C4992</subfield>
    <subfield code="b">G76 2019</subfield>
  </datafield>
  <datafield tag="100" ind1="1" ind2=" ">
    <subfield code="a">Schouten, Rob,</subfield>
    <subfield code="e">author.</subfield>
  </datafield>
  <datafield tag="245" ind1="1" ind2="3">
    <subfield code="a">De groene gravin :</subfield>
    <subfield code="b">roman /</subfield>
    <subfield code="c">Rob Schouten.</subfield>
  </datafield>
  <datafield tag="264" ind1=" " ind2="1">
    <subfield code="a">Amsterdam ;</subfield>
    <subfield code="a">Antwerpen :</subfield>
    <subfield code="b">Uitgeverij De Arbeiderspers,</subfield>
    <subfield code="c">[2019]</subfield>
  </datafield>
  <datafield tag="300" ind1=" " ind2=" ">
    <subfield code="a">224 pages :</subfield>
    <subfield code="b">illustrations ;</subfield>
    <subfield code="c">22 cm</subfield>
  </datafield>
  <datafield tag="336" ind1=" " ind2=" ">
    <subfield code="a">text</subfield>
    <subfield code="b">txt</subfield>
    <subfield code="2">rdacontent</subfield>
  </datafield>
  <datafield tag="337" ind1=" " ind2=" ">
    <subfield code="a">unmediated</subfield>
    <subfield code="b">n</subfield>
    <subfield code="2">rdamedia</subfield>
  </datafield>
  <datafield tag="338" ind1=" " ind2=" ">
    <subfield code="a">volume</subfield>
    <subfield code="b">nc</subfield>
    <subfield code="2">rdacarrier</subfield>
  </datafield>
  <datafield tag="520" ind1="8" ind2=" ">
    <subfield code="a">&apos;Alsof Albert Speer zich ermee bemoeid had&apos;, zo ziet de Duitse Else Ahlsteen eruit, als Titus Orbaan haar tijdens een gastdocentschap in Amerika leert kennen. Als hij, terug in Europa, te gast is bij haar oude Pruisische familie kijkt hij zijn ogen uit. Maar buitenkant is nog geen binnenkant, moet hij na verloop van tijd erkennen. Hun morganatische verbintenis ontaardt allengs in een daverende mismatch. In &apos;De groene gravin&apos; botsen twee werelden op elkaar, die van de vrijheid om te doen en te denken wat je wilt en die van de oude tradities, aangelengd met nieuw idealisme. Een verhaal over hedendaagse onverenigbaarheid van karakter en hoe je daar, wanhopig of sublimerend, mee om kunt gaan. Het verstand probeert het hart te temmen maar de uitkomst is ongewis.</subfield>
  </datafield>
  <datafield tag="520" ind1=" " ind2=" ">
    <subfield code="a">&apos;As if Albert Speer had interfered with it &apos;, this is what the German Else Ahlsteen looks like when Titus Orbaan meets her for the first time during a guest lecture in America. When he, back in Europe, is a guest with her old Prussian family, he looks his eyes out. But outside is not yet inside, he must acknowledge over time. Their union gradually degenerates into a thunderous mismatch. In &apos;The green countess&apos; two worlds collide with each other, that of the freedom to do and think what you want and that of the old traditions, mixed with new idealism. A story about contemporary incompatibility of character and how you can deal with it, desperate or sublimating. The mind tries to tame the heart but the outcome is uncertain.</subfield>
  </datafield>
  <datafield tag="655" ind1=" " ind2="7">
    <subfield code="a">Fiction</subfield>
    <subfield code="2">fast</subfield>
    <subfield code="0">http://id.worldcat.org/fast/1423787</subfield>
  </datafield>
  <datafield tag="650" ind1=" " ind2="7">
    <subfield code="a">18.11 Dutch literature.</subfield>
    <subfield code="2">nbc</subfield>
    <subfield code="0">(NL-LeOCL)077612027</subfield>
  </datafield>
  <datafield tag="923" ind1=" " ind2=" ">
    <subfield code="d">05-16-19</subfield>
    <subfield code="n">I-20118256</subfield>
    <subfield code="s">proquest</subfield>
  </datafield>
  <datafield tag="985" ind1=" " ind2=" ">
    <subfield code="e">VENDOR LOAD</subfield>
  </datafield>
</record>