
<record>
  <leader>02039cam a2200385 i 4500</leader>
  <controlfield tag="001">20988909</controlfield>
  <controlfield tag="005">20200103143337.0</controlfield>
  <controlfield tag="008">190528s2016    ai ab    b    000 0 rus c</controlfield>
  <datafield tag="906" ind1=" " ind2=" ">
    <subfield code="a">7</subfield>
    <subfield code="b">cbc</subfield>
    <subfield code="c">pccadap</subfield>
    <subfield code="d">2</subfield>
    <subfield code="e">ncip</subfield>
    <subfield code="f">20</subfield>
    <subfield code="g">y-gencatlg</subfield>
  </datafield>
  <datafield tag="925" ind1="0" ind2=" ">
    <subfield code="a">acquire</subfield>
    <subfield code="b">1 shelf copy</subfield>
    <subfield code="x">policy default</subfield>
  </datafield>
  <datafield tag="955" ind1=" " ind2=" ">
    <subfield code="b">cd24 2019-05-28 z-processor JACKPHY</subfield>
    <subfield code="a">cd24 2019-12-19</subfield>
    <subfield code="i">cd24 2019-12-19</subfield>
    <subfield code="a">ti71 2020-01-03 to AMED</subfield>
    <subfield code="r">ti71 2020--1-03</subfield>
  </datafield>
  <datafield tag="010" ind1=" " ind2=" ">
    <subfield code="a">  2019372628</subfield>
  </datafield>
  <datafield tag="020" ind1=" " ind2=" ">
    <subfield code="a">9789993097495</subfield>
  </datafield>
  <datafield tag="035" ind1=" " ind2=" ">
    <subfield code="a">(OCoLC)ocn974711882</subfield>
  </datafield>
  <datafield tag="040" ind1=" " ind2=" ">
    <subfield code="a">PIT</subfield>
    <subfield code="b">eng</subfield>
    <subfield code="c">PIT</subfield>
    <subfield code="e">rda</subfield>
    <subfield code="d">OSU</subfield>
    <subfield code="d">OCLCF</subfield>
    <subfield code="d">GZM</subfield>
    <subfield code="d">DLC</subfield>
  </datafield>
  <datafield tag="042" ind1=" " ind2=" ">
    <subfield code="a">pcc</subfield>
  </datafield>
  <datafield tag="043" ind1=" " ind2=" ">
    <subfield code="a">a-ai---</subfield>
    <subfield code="a">a-aj---</subfield>
  </datafield>
  <datafield tag="050" ind1="0" ind2="0">
    <subfield code="a">DK699.N34</subfield>
    <subfield code="b">M34 2016</subfield>
  </datafield>
  <datafield tag="066" ind1=" " ind2=" ">
    <subfield code="a">(N</subfield>
  </datafield>
  <datafield tag="100" ind1="1" ind2=" ">
    <subfield code="a">Maili︠a︡n, Masis,</subfield>
    <subfield code="e">author.</subfield>
  </datafield>
  <datafield tag="245" ind1="1" ind2="0">
    <subfield code="6">880-01</subfield>
    <subfield code="a">Karabakhskiĭ mirnyĭ prot︠s︡ess :</subfield>
    <subfield code="b">vzgli︠a︡d iz Art︠s︡akha : sbornik stateĭ i intervʹi︠u︡ /</subfield>
    <subfield code="c">Masis Maili︠a︡n = The Karabakh peace process : a view from Artsakh : collection of articles and interviews / Masis Mayilian.</subfield>
  </datafield>
  <datafield tag="880" ind1="1" ind2="0">
    <subfield code="6">245-01/(N</subfield>
    <subfield code="a">Карабахский мирный процесс :</subfield>
    <subfield code="b">взгляд из Арцаха : сборник статей и интервью /</subfield>
    <subfield code="c">Масис Маилян = The Karabakh peace process : a view from Artsakh : collection of articles and interviews / Masis Mayilian.</subfield>
  </datafield>
  <datafield tag="246" ind1="1" ind2="5">
    <subfield code="a">Karabakh peace process :</subfield>
    <subfield code="b">a view from Artsakh : collection of articles and interviews</subfield>
  </datafield>
  <datafield tag="264" ind1=" " ind2="1">
    <subfield code="6">880-02</subfield>
    <subfield code="a">Erevan :</subfield>
    <subfield code="b">Izdatelʹstvo &quot;De-Fakto&quot;,</subfield>
    <subfield code="c">2016.</subfield>
  </datafield>
  <datafield tag="880" ind1=" " ind2="1">
    <subfield code="6">264-02/(N</subfield>
    <subfield code="a">Ереван :</subfield>
    <subfield code="b">Издательство &quot;Де-Факто&quot;,</subfield>
    <subfield code="c">2016.</subfield>
  </datafield>
  <datafield tag="300" ind1=" " ind2=" ">
    <subfield code="a">319 pages :</subfield>
    <subfield code="b">color illustrations, color maps ;</subfield>
    <subfield code="c">25 cm</subfield>
  </datafield>
  <datafield tag="336" ind1=" " ind2=" ">
    <subfield code="a">text</subfield>
    <subfield code="b">txt</subfield>
    <subfield code="2">rdacontent</subfield>
  </datafield>
  <datafield tag="337" ind1=" " ind2=" ">
    <subfield code="a">unmediated</subfield>
    <subfield code="b">n</subfield>
    <subfield code="2">rdamedia</subfield>
  </datafield>
  <datafield tag="338" ind1=" " ind2=" ">
    <subfield code="a">volume</subfield>
    <subfield code="b">nc</subfield>
    <subfield code="2">rdacarrier</subfield>
  </datafield>
  <datafield tag="504" ind1=" " ind2=" ">
    <subfield code="a">Includes bibliographical references.</subfield>
  </datafield>
  <datafield tag="541" ind1=" " ind2=" ">
    <subfield code="a">LC copy a gift of Bako Sahakyan</subfield>
    <subfield code="d">2018</subfield>
    <subfield code="5">DLC</subfield>
  </datafield>
  <datafield tag="650" ind1=" " ind2="0">
    <subfield code="a">Nagorno-Karabakh Conflict, 1988-1994</subfield>
    <subfield code="x">Peace.</subfield>
  </datafield>
  <datafield tag="651" ind1=" " ind2="0">
    <subfield code="a">Armenia (Republic)</subfield>
    <subfield code="x">Foreign relations</subfield>
    <subfield code="z">Azerbaijan.</subfield>
  </datafield>
  <datafield tag="651" ind1=" " ind2="0">
    <subfield code="a">Azerbaijan</subfield>
    <subfield code="x">Foreign relations</subfield>
    <subfield code="z">Armenia (Republic)</subfield>
  </datafield>
  <datafield tag="923" ind1=" " ind2=" ">
    <subfield code="d">2018</subfield>
    <subfield code="s">Bako Sahakyan</subfield>
    <subfield code="x">Gift</subfield>
  </datafield>
</record>