
<record>
  <leader>01967cam a2200265 i 4500</leader>
  <controlfield tag="001">20992024</controlfield>
  <controlfield tag="005">20200103113233.0</controlfield>
  <controlfield tag="008">190530s2019    nyu           000 1 eng  </controlfield>
  <datafield tag="906" ind1=" " ind2=" ">
    <subfield code="a">7</subfield>
    <subfield code="b">cbc</subfield>
    <subfield code="c">orignew</subfield>
    <subfield code="d">2</subfield>
    <subfield code="e">epcn</subfield>
    <subfield code="f">20</subfield>
    <subfield code="g">y-gencatlg</subfield>
  </datafield>
  <datafield tag="925" ind1="0" ind2=" ">
    <subfield code="a">acquire</subfield>
    <subfield code="b">1 shelf copy</subfield>
    <subfield code="x">policy default</subfield>
  </datafield>
  <datafield tag="955" ind1=" " ind2=" ">
    <subfield code="b">xd04 2019-05-30</subfield>
    <subfield code="a">xn11 2019-12-30 1 copy rec&apos;d., to USPRLL</subfield>
    <subfield code="i">xk04 2020-01-03 to BCCD</subfield>
  </datafield>
  <datafield tag="010" ind1=" " ind2=" ">
    <subfield code="a">  2019942327</subfield>
  </datafield>
  <datafield tag="020" ind1=" " ind2=" ">
    <subfield code="a">9781733746410</subfield>
    <subfield code="q">(paperback)</subfield>
  </datafield>
  <datafield tag="040" ind1=" " ind2=" ">
    <subfield code="a">DLC</subfield>
    <subfield code="b">eng</subfield>
    <subfield code="e">rda</subfield>
    <subfield code="c">DLC</subfield>
    <subfield code="d">DLC</subfield>
  </datafield>
  <datafield tag="042" ind1=" " ind2=" ">
    <subfield code="a">pcc</subfield>
  </datafield>
  <datafield tag="050" ind1="0" ind2="0">
    <subfield code="a">PS3618.O3347</subfield>
    <subfield code="b">P66 2019</subfield>
  </datafield>
  <datafield tag="082" ind1="0" ind2="0">
    <subfield code="a">813/.6</subfield>
    <subfield code="2">23</subfield>
  </datafield>
  <datafield tag="100" ind1="1" ind2=" ">
    <subfield code="a">Robison, Brent,</subfield>
    <subfield code="e">author.</subfield>
  </datafield>
  <datafield tag="245" ind1="1" ind2="0">
    <subfield code="a">Ponckhockie union :</subfield>
    <subfield code="b">a novel /</subfield>
    <subfield code="c">Brent Robison.</subfield>
  </datafield>
  <datafield tag="264" ind1=" " ind2="1">
    <subfield code="a">Woodstock, NY :</subfield>
    <subfield code="b">Recital Publishing,</subfield>
    <subfield code="c">[2019]</subfield>
  </datafield>
  <datafield tag="300" ind1=" " ind2=" ">
    <subfield code="a">v, 208 pages ;</subfield>
    <subfield code="c">22 cm</subfield>
  </datafield>
  <datafield tag="336" ind1=" " ind2=" ">
    <subfield code="a">text</subfield>
    <subfield code="b">txt</subfield>
    <subfield code="2">rdacontent</subfield>
  </datafield>
  <datafield tag="337" ind1=" " ind2=" ">
    <subfield code="a">unmediated</subfield>
    <subfield code="b">n</subfield>
    <subfield code="2">rdamedia</subfield>
  </datafield>
  <datafield tag="338" ind1=" " ind2=" ">
    <subfield code="a">volume</subfield>
    <subfield code="b">nc</subfield>
    <subfield code="2">rdacarrier</subfield>
  </datafield>
  <datafield tag="520" ind1=" " ind2=" ">
    <subfield code="a">&quot;Benedict Arnold Rose is a documentary filmmaker in a troubled marriage. His history-focused life is suddenly derailed by shadowy assassins with multiple identities, indoctrination in a dark cell, seduction, betrayal, the finality of fire, and the unexpected kindness of a stranger. He must journey within, but what is real? And who is asking? Coincidence and paradox abound as Rose negotiates his passage into a new life...but the questions without answers still remain. -- &quot;Ponckhockie Union is an alchemical exploit in which trauma and synchronicity operate as elixirs, ennobling ordinary lives. Its elegant clarity presents two kinds of detective story, one unfolding in the New York&apos;s Hudson Valley and the other in the mind of a man who finds his own sense of self getting in the way of his highest aspiration, which is to transcend the world of category and convention and dissolve into the primal material of the cosmos, hence the title, Ponckhockie Union.&quot;---Djelloul Marbrook, award-winning poet/novelist, Far from Algiers, The Light Piercing Water Trilogy&quot;--</subfield>
    <subfield code="c">Provided by publisher.</subfield>
  </datafield>
</record>