
<record>
  <leader>05513cam a22007095i 4500</leader>
  <controlfield tag="001">20994838</controlfield>
  <controlfield tag="005">20200103112557.0</controlfield>
  <controlfield tag="008">190531s2019    bl ace   bc   000 0dpor d</controlfield>
  <datafield tag="906" ind1=" " ind2=" ">
    <subfield code="a">0</subfield>
    <subfield code="b">ibc</subfield>
    <subfield code="c">copycat</subfield>
    <subfield code="d">2</subfield>
    <subfield code="e">ncip</subfield>
    <subfield code="f">20</subfield>
    <subfield code="g">y-gencatlg</subfield>
  </datafield>
  <datafield tag="923" ind1=" " ind2=" ">
    <subfield code="d">052019</subfield>
    <subfield code="f">Gift</subfield>
  </datafield>
  <datafield tag="925" ind1="0" ind2=" ">
    <subfield code="a">acquire</subfield>
    <subfield code="b">1 shelf copy</subfield>
    <subfield code="x">policy default</subfield>
  </datafield>
  <datafield tag="955" ind1=" " ind2=" ">
    <subfield code="b">wr18 2020-01-03 z-processor</subfield>
  </datafield>
  <datafield tag="010" ind1=" " ind2=" ">
    <subfield code="a">  2019308790</subfield>
  </datafield>
  <datafield tag="020" ind1=" " ind2=" ">
    <subfield code="a">9788531000669</subfield>
  </datafield>
  <datafield tag="020" ind1=" " ind2=" ">
    <subfield code="a">8531000661</subfield>
  </datafield>
  <datafield tag="035" ind1=" " ind2=" ">
    <subfield code="a">(OCoLC)on1111966157</subfield>
  </datafield>
  <datafield tag="040" ind1=" " ind2=" ">
    <subfield code="a">H7K</subfield>
    <subfield code="b">eng</subfield>
    <subfield code="c">H7K</subfield>
    <subfield code="e">rda</subfield>
    <subfield code="d">OCLCF</subfield>
    <subfield code="d">OCLCO</subfield>
    <subfield code="d">JPG</subfield>
    <subfield code="d">YUS</subfield>
    <subfield code="d">DLC</subfield>
  </datafield>
  <datafield tag="042" ind1=" " ind2=" ">
    <subfield code="a">lccopycat</subfield>
  </datafield>
  <datafield tag="043" ind1=" " ind2=" ">
    <subfield code="a">s-bl---</subfield>
  </datafield>
  <datafield tag="097" ind1="0" ind2="0">
    <subfield code="a">NA859.B37</subfield>
    <subfield code="b">A4 2019</subfield>
  </datafield>
  <datafield tag="245" ind1="0" ind2="0">
    <subfield code="a">Habitat :</subfield>
    <subfield code="b">Lina Bo Bardi /</subfield>
    <subfield code="c">organização editorial, Adriano Pedrosa, José Esparza Chong Cuy, Julieta González, Tomás Toledo ; textos, Adriano Pedrosa [and fourteen others].</subfield>
  </datafield>
  <datafield tag="246" ind1="3" ind2="0">
    <subfield code="a">Lina Bo Bardi</subfield>
  </datafield>
  <datafield tag="250" ind1=" " ind2=" ">
    <subfield code="a">Edição 2019.</subfield>
  </datafield>
  <datafield tag="264" ind1=" " ind2="1">
    <subfield code="a">São Paulo, Brasil :</subfield>
    <subfield code="b">MASP ;</subfield>
    <subfield code="a">Chicago, Estados Unidos :</subfield>
    <subfield code="b">MCA Chicago ;</subfield>
    <subfield code="a">Cidade do México, México :</subfield>
    <subfield code="b">Museo Jumex,</subfield>
    <subfield code="c">2019.</subfield>
  </datafield>
  <datafield tag="300" ind1=" " ind2=" ">
    <subfield code="a">350 pages :</subfield>
    <subfield code="b">illustrations (some color), plans, portraits ;</subfield>
    <subfield code="c">28 cm</subfield>
  </datafield>
  <datafield tag="336" ind1=" " ind2=" ">
    <subfield code="a">still image</subfield>
    <subfield code="b">sti</subfield>
    <subfield code="2">rdacontent</subfield>
  </datafield>
  <datafield tag="336" ind1=" " ind2=" ">
    <subfield code="a">text</subfield>
    <subfield code="b">txt</subfield>
    <subfield code="2">rdacontent</subfield>
  </datafield>
  <datafield tag="337" ind1=" " ind2=" ">
    <subfield code="a">unmediated</subfield>
    <subfield code="b">n</subfield>
    <subfield code="2">rdamedia</subfield>
  </datafield>
  <datafield tag="338" ind1=" " ind2=" ">
    <subfield code="a">volume</subfield>
    <subfield code="b">nc</subfield>
    <subfield code="2">rdacarrier</subfield>
  </datafield>
  <datafield tag="500" ind1=" " ind2=" ">
    <subfield code="a">Catalog of an exhibition held at MASP in São Paulo, April 4-July 28, 2019 ; Museo Jumex January 30-May 10, 2020 ; Museum of Contemporary Art Chicago, June 6-September 6, 2020.</subfield>
  </datafield>
  <datafield tag="500" ind1=" " ind2=" ">
    <subfield code="a">&quot;Catálogo da exposição homônima realizada em MASP de 4.4.2019 al 28.7.2019, no Museo Jumex, Cidade de Mexico de 0.1.2020 - 10.5.2020 e no Museum of Contemporary Art Chicago de 6.6.2020 -6.9.2020&quot;-Colophon.</subfield>
  </datafield>
  <datafield tag="504" ind1=" " ind2=" ">
    <subfield code="a">Includes bibliographical references (pages 340-343).</subfield>
  </datafield>
  <datafield tag="505" ind1="8" ind2=" ">
    <subfield code="a">Lina Bo Bardi em São Paulo, Cidade do Mexico e Chicago / Julieta González, Madeleine Grynasztejn, Adriano Pedrosa -- Introduçao / Julieta González, José Esparza Chong Cuy, Tomás Toledo -- O HABITAT DE LINA BO BARDI -- Tomando-se Lina Bo Bardi: uma odisseia ideologica / Esther da Costa Meyer A de angustia: a guerra de uma Bo / Beatriz Colomina and Mark Wigley -- Lina Bo Bardi, o intelectual organico e a revista Habitat / Jane Hall -- Andanças pela paria de amar a Lina / Antonio Risério -- Escritos de Lina Bo Bardi -- REPENSANDO DO MUSEU -- Museus -- Curadorias e expografias -- DA CASA DE VIDRIO A CABANA -- Casas -- Espaços de convivência -- Teatro -- Mobiliário.</subfield>
  </datafield>
  <datafield tag="520" ind1=" " ind2=" ">
    <subfield code="a">Major catalogue of the exhibition co-organized by MASP, Museo Jumex, and the MCA Chicago. &quot;This exhibition addresses the life, work, and legacy of the Italian-Brazilian architect, designer, curator, editor, set designer, and influential thinker Lina Bo Bardi (19141992). She is the author of two iconic buildings in the city of São Paulo, MASP and Sesc Pompeiaa center of culture and leisure. Both reveal striking features of her architecture and her thought, with its extraordinary fusion of European modernism and Brazilian popular culture. Married to Pietro Maria Bardi (19001999), the founding director of MASP, Lina arrived in Brazil in 1946 at the age of 31. Here, she immersed herself deeply in the countryœs diverse cultures, turning her South American habitat into the setting for the creation of a unique and radical idiom. The exhibition borrows the title from the magazine Habitat, founded by Lina and Pietro, and edited by them between 1950 and 1953, a publication that innovated in graphic design and critical writing on art and architecture in Brazil.&quot; --MASP webpage. Curated by Julieta González, artistic diretor, Museo Jumex, Mexico City; José Esparza Chong Cuy, former Pamela Alper Associate Curator, Museum of Contemporary Art Chicago; and Tomás Toledo, chief curator, MASP, São Paulo Brazil.</subfield>
  </datafield>
  <datafield tag="546" ind1=" " ind2=" ">
    <subfield code="a">In Portuguese.</subfield>
  </datafield>
  <datafield tag="600" ind1="1" ind2="0">
    <subfield code="a">Bardi, Lina Bo,</subfield>
    <subfield code="d">1914-1992</subfield>
    <subfield code="v">Exhibitions.</subfield>
  </datafield>
  <datafield tag="650" ind1=" " ind2="0">
    <subfield code="a">Architecture, Modern</subfield>
    <subfield code="y">20th century</subfield>
    <subfield code="v">Exhibitions.</subfield>
  </datafield>
  <datafield tag="650" ind1=" " ind2="0">
    <subfield code="a">Architecture</subfield>
    <subfield code="z">Brazil</subfield>
    <subfield code="x">History</subfield>
    <subfield code="y">20th century</subfield>
    <subfield code="v">Exhibitions.</subfield>
  </datafield>
  <datafield tag="650" ind1=" " ind2="0">
    <subfield code="a">Art, Modern</subfield>
    <subfield code="y">20th century</subfield>
    <subfield code="v">Exhibitions.</subfield>
  </datafield>
  <datafield tag="650" ind1=" " ind2="0">
    <subfield code="a">Art museum curators</subfield>
    <subfield code="z">Brazil</subfield>
    <subfield code="x">History</subfield>
    <subfield code="y">20th century.</subfield>
  </datafield>
  <datafield tag="650" ind1=" " ind2="0">
    <subfield code="a">Women architects</subfield>
    <subfield code="z">Brazil</subfield>
    <subfield code="x">History</subfield>
    <subfield code="y">20th century.</subfield>
  </datafield>
  <datafield tag="600" ind1="1" ind2="7">
    <subfield code="a">Bardi, Lina Bo,</subfield>
    <subfield code="d">1914-1992.</subfield>
    <subfield code="2">fast</subfield>
    <subfield code="0">(OCoLC)fst00335924</subfield>
  </datafield>
  <datafield tag="650" ind1=" " ind2="7">
    <subfield code="a">Architecture.</subfield>
    <subfield code="2">fast</subfield>
    <subfield code="0">(OCoLC)fst00813346</subfield>
  </datafield>
  <datafield tag="650" ind1=" " ind2="7">
    <subfield code="a">Architecture, Modern.</subfield>
    <subfield code="2">fast</subfield>
    <subfield code="0">(OCoLC)fst00813842</subfield>
  </datafield>
  <datafield tag="650" ind1=" " ind2="7">
    <subfield code="a">Art.</subfield>
    <subfield code="2">fast</subfield>
    <subfield code="0">(OCoLC)fst00815177</subfield>
  </datafield>
  <datafield tag="650" ind1=" " ind2="7">
    <subfield code="a">Art museum curators.</subfield>
    <subfield code="2">fast</subfield>
    <subfield code="0">(OCoLC)fst00815624</subfield>
  </datafield>
  <datafield tag="650" ind1=" " ind2="7">
    <subfield code="a">Authorship.</subfield>
    <subfield code="2">fast</subfield>
    <subfield code="0">(OCoLC)fst00822442</subfield>
  </datafield>
  <datafield tag="650" ind1=" " ind2="7">
    <subfield code="a">Museums</subfield>
    <subfield code="x">Curatorship.</subfield>
    <subfield code="2">fast</subfield>
    <subfield code="0">(OCoLC)fst01030149</subfield>
  </datafield>
  <datafield tag="650" ind1=" " ind2="7">
    <subfield code="a">Women architects.</subfield>
    <subfield code="2">fast</subfield>
    <subfield code="0">(OCoLC)fst01177137</subfield>
  </datafield>
  <datafield tag="651" ind1=" " ind2="7">
    <subfield code="a">Brazil.</subfield>
    <subfield code="2">fast</subfield>
    <subfield code="0">(OCoLC)fst01206830</subfield>
  </datafield>
  <datafield tag="648" ind1=" " ind2="7">
    <subfield code="a">1900-1999</subfield>
    <subfield code="2">fast</subfield>
  </datafield>
  <datafield tag="655" ind1=" " ind2="7">
    <subfield code="a">Exhibition catalogs.</subfield>
    <subfield code="2">fast</subfield>
    <subfield code="0">(OCoLC)fst01424028</subfield>
  </datafield>
  <datafield tag="655" ind1=" " ind2="7">
    <subfield code="a">History.</subfield>
    <subfield code="2">fast</subfield>
    <subfield code="0">(OCoLC)fst01411628</subfield>
  </datafield>
  <datafield tag="700" ind1="1" ind2=" ">
    <subfield code="a">Pedrosa, Adriano,</subfield>
    <subfield code="e">editor,</subfield>
    <subfield code="e">writer of supplementary textual content.</subfield>
  </datafield>
  <datafield tag="700" ind1="1" ind2=" ">
    <subfield code="a">Esparza Chong Cuy, José,</subfield>
    <subfield code="e">editor,</subfield>
    <subfield code="e">writer of supplementary textual content.</subfield>
  </datafield>
  <datafield tag="700" ind1="1" ind2=" ">
    <subfield code="a">González, Julieta,</subfield>
    <subfield code="e">editor,</subfield>
    <subfield code="e">writer of supplementary textual content.</subfield>
  </datafield>
  <datafield tag="700" ind1="1" ind2=" ">
    <subfield code="a">Toledo, Tomás,</subfield>
    <subfield code="e">editor,</subfield>
    <subfield code="e">writer of supplementary textual content.</subfield>
  </datafield>
  <datafield tag="700" ind1="1" ind2="2">
    <subfield code="a">Bardi, Lina Bo,</subfield>
    <subfield code="d">1914-1992.</subfield>
    <subfield code="t">Works.</subfield>
    <subfield code="k">Selections.</subfield>
  </datafield>
  <datafield tag="710" ind1="2" ind2=" ">
    <subfield code="a">Museu de Arte de São Paulo Assis Chateaubriand,</subfield>
    <subfield code="e">host institution.</subfield>
  </datafield>
  <datafield tag="710" ind1="2" ind2=" ">
    <subfield code="a">Museo Jumex,</subfield>
    <subfield code="e">host institution.</subfield>
  </datafield>
  <datafield tag="710" ind1="2" ind2=" ">
    <subfield code="a">Museum of Contemporary Art (Chicago, Ill.),</subfield>
    <subfield code="e">host institution.</subfield>
  </datafield>
  <datafield tag="985" ind1=" " ind2=" ">
    <subfield code="e">ODE-rj</subfield>
  </datafield>
</record>