
<record>
  <leader>04049cam a22003858i 4500</leader>
  <controlfield tag="001">21006873</controlfield>
  <controlfield tag="005">20200103104247.0</controlfield>
  <controlfield tag="008">190606s2020    enk      b    001 0 eng  </controlfield>
  <datafield tag="906" ind1=" " ind2=" ">
    <subfield code="a">0</subfield>
    <subfield code="b">vip</subfield>
    <subfield code="c">orignew</subfield>
    <subfield code="d">1</subfield>
    <subfield code="e">ecip</subfield>
    <subfield code="f">20</subfield>
    <subfield code="g">y-gencatlg</subfield>
  </datafield>
  <datafield tag="925" ind1="0" ind2=" ">
    <subfield code="a">acquire</subfield>
    <subfield code="b">1 shelf copy</subfield>
    <subfield code="x">policy default</subfield>
  </datafield>
  <datafield tag="955" ind1=" " ind2=" ">
    <subfield code="b">rm14 2019-06-06</subfield>
    <subfield code="i">rm14 2019-06-06</subfield>
    <subfield code="w">xm06 2019-06-11</subfield>
    <subfield code="a">xn11 2020-01-03 1 copy rec&apos;d., to CIP ver.</subfield>
  </datafield>
  <datafield tag="010" ind1=" " ind2=" ">
    <subfield code="a">  2019023590</subfield>
  </datafield>
  <datafield tag="020" ind1=" " ind2=" ">
    <subfield code="a">9781138485952</subfield>
    <subfield code="q">(hardback)</subfield>
  </datafield>
  <datafield tag="020" ind1=" " ind2=" ">
    <subfield code="a">9781138485969</subfield>
    <subfield code="q">(paperback)</subfield>
  </datafield>
  <datafield tag="020" ind1=" " ind2=" ">
    <subfield code="z">9781351047487</subfield>
    <subfield code="q">(ebook)</subfield>
  </datafield>
  <datafield tag="040" ind1=" " ind2=" ">
    <subfield code="a">DLC</subfield>
    <subfield code="b">eng</subfield>
    <subfield code="c">DLC</subfield>
    <subfield code="e">rda</subfield>
  </datafield>
  <datafield tag="042" ind1=" " ind2=" ">
    <subfield code="a">pcc</subfield>
  </datafield>
  <datafield tag="050" ind1="0" ind2="0">
    <subfield code="a">HD9502.A2</subfield>
    <subfield code="b">U73 2020</subfield>
  </datafield>
  <datafield tag="082" ind1="0" ind2="0">
    <subfield code="a">333.79</subfield>
    <subfield code="2">23</subfield>
  </datafield>
  <datafield tag="100" ind1="1" ind2=" ">
    <subfield code="a">Urban, Frauke,</subfield>
    <subfield code="d">1980-</subfield>
    <subfield code="e">author.</subfield>
  </datafield>
  <datafield tag="245" ind1="1" ind2="0">
    <subfield code="a">Energy and development /</subfield>
    <subfield code="c">Frauke Urban.</subfield>
  </datafield>
  <datafield tag="263" ind1=" " ind2=" ">
    <subfield code="a">1111</subfield>
  </datafield>
  <datafield tag="264" ind1=" " ind2="1">
    <subfield code="a">Milton Park, Abingdon, Oxon ;</subfield>
    <subfield code="a">New York, NY :</subfield>
    <subfield code="b">Routledge,</subfield>
    <subfield code="c">2020.</subfield>
  </datafield>
  <datafield tag="300" ind1=" " ind2=" ">
    <subfield code="a">pages cm</subfield>
  </datafield>
  <datafield tag="336" ind1=" " ind2=" ">
    <subfield code="a">text</subfield>
    <subfield code="b">txt</subfield>
    <subfield code="2">rdacontent</subfield>
  </datafield>
  <datafield tag="337" ind1=" " ind2=" ">
    <subfield code="a">unmediated</subfield>
    <subfield code="b">n</subfield>
    <subfield code="2">rdamedia</subfield>
  </datafield>
  <datafield tag="338" ind1=" " ind2=" ">
    <subfield code="a">volume</subfield>
    <subfield code="b">nc</subfield>
    <subfield code="2">rdacarrier</subfield>
  </datafield>
  <datafield tag="490" ind1="0" ind2=" ">
    <subfield code="a">Rethinking development</subfield>
  </datafield>
  <datafield tag="504" ind1=" " ind2=" ">
    <subfield code="a">Includes bibliographical references and index.</subfield>
  </datafield>
  <datafield tag="505" ind1="0" ind2=" ">
    <subfield code="a">Energy, poverty and development: the challenges -- Energy use and energy systems in different countries and contexts -- Energy transitions: from traditional biomass to fossil fuels to low carbon energy -- Sectoral energy needs and household energy -- Concepts of energy and development -- The energy-poverty-climate nexus -- Energy and climate policy of major emitters -- The health implications of energy use -- The social implications of energy and development -- Environmental implications: energy use and climate change -- Environmental implications: natural resource depletion and air pollution -- The economics of energy supply and universal energy access -- Financing low carbon energy transitions -- Technology for energy and development: fossil fuels -- Technology for energy and development: low carbon energy and energy efficiency -- Policy responses to energy poverty.</subfield>
  </datafield>
  <datafield tag="520" ind1=" " ind2=" ">
    <subfield code="a">&quot;In the field of energy and development, the world faces two major challenges: 1. Providing energy access to the 1 billion people world-wide who do not have access to electricity and providing modern energy access to more than 2.5 billion people who rely on traditional biomass for basic needs such as cooking and heating. 2. Achieving socio-economic development while limiting global atmospheric temperature increases to 2 degrees Celsius. International policies and initiatives are aiming to address these challenges, such as through the Sustainable Development Goals SDGs and especially SDG7 on sustainable energy, the United Nation&apos;s goal of providing universal energy access by 2030 (SE4All) and the Paris Agreement to mitigate climate change. At the same time, the energy sector and energy-related industries in many countries are undergoing a transition from fossil fuels to low carbon energy. Against this background, the book explores the key issues and concepts in the field of energy and development and addresses policy responses to end energy poverty and to achieve sustainable development. The book outlines various options for delivering energy access, analyses past and prospective energy transitions and examines the social, environmental, economic and technological implications of these options. Taking a holistic and multi-disciplinary approach, and containing useful teaching resources, this book provides a foundation for understanding the complex relationships between energy and development. It is a great resource for postgraduate and undergraduate students, scholars, practitioners and policy-makers in the fields of energy studies, international development, environmental studies, industrial engineering as well as social sciences that relate to energy and development&quot;--</subfield>
    <subfield code="c">Provided by publisher.</subfield>
  </datafield>
  <datafield tag="650" ind1=" " ind2="0">
    <subfield code="a">Energy policy.</subfield>
  </datafield>
  <datafield tag="650" ind1=" " ind2="0">
    <subfield code="a">Energy development.</subfield>
  </datafield>
  <datafield tag="650" ind1=" " ind2="0">
    <subfield code="a">Poor</subfield>
    <subfield code="x">Energy assistance.</subfield>
  </datafield>
  <datafield tag="776" ind1="0" ind2="8">
    <subfield code="i">Online version:</subfield>
    <subfield code="a">Urban, Frauke,</subfield>
    <subfield code="t">Energy and development</subfield>
    <subfield code="d">New York : Routledge, 2019.</subfield>
    <subfield code="z">9781351047487</subfield>
    <subfield code="w">(DLC) 2019023591</subfield>
  </datafield>
</record>