
<record>
  <leader>03114cam a22004338i 4500</leader>
  <controlfield tag="001">21007498</controlfield>
  <controlfield tag="005">20200103112615.0</controlfield>
  <controlfield tag="008">190606s2019    nyu      b    000 0 eng  </controlfield>
  <datafield tag="906" ind1=" " ind2=" ">
    <subfield code="a">0</subfield>
    <subfield code="b">vip</subfield>
    <subfield code="c">orignew</subfield>
    <subfield code="d">1</subfield>
    <subfield code="e">ecip</subfield>
    <subfield code="f">20</subfield>
    <subfield code="g">y-gencatlg</subfield>
  </datafield>
  <datafield tag="925" ind1="0" ind2=" ">
    <subfield code="a">acquire</subfield>
    <subfield code="b">1 shelf copy</subfield>
    <subfield code="x">policy default</subfield>
  </datafield>
  <datafield tag="955" ind1=" " ind2=" ">
    <subfield code="b">ICU 2019-06-06</subfield>
    <subfield code="e">rf06 2019-06-06 (episodic telework) to Dewey</subfield>
    <subfield code="w">xm06 2019-06-12</subfield>
    <subfield code="a">xn17 2019-12-09 1 copy rec&apos;d., to CIP ver.</subfield>
    <subfield code="d">td14 2020-01-03 revised call number to conform to revision of class schedule</subfield>
  </datafield>
  <datafield tag="010" ind1=" " ind2=" ">
    <subfield code="a">  2019024019</subfield>
  </datafield>
  <datafield tag="020" ind1=" " ind2=" ">
    <subfield code="a">9781433163067</subfield>
    <subfield code="q">(hardback)</subfield>
  </datafield>
  <datafield tag="020" ind1=" " ind2=" ">
    <subfield code="z">9781433163074</subfield>
    <subfield code="q">(adobe pdf)</subfield>
  </datafield>
  <datafield tag="020" ind1=" " ind2=" ">
    <subfield code="z">9781433163081</subfield>
    <subfield code="q">(epub)</subfield>
  </datafield>
  <datafield tag="020" ind1=" " ind2=" ">
    <subfield code="z">9781433163098</subfield>
    <subfield code="q">(mobi)</subfield>
  </datafield>
  <datafield tag="040" ind1=" " ind2=" ">
    <subfield code="a">ICU/DLC</subfield>
    <subfield code="b">eng</subfield>
    <subfield code="c">DLC</subfield>
    <subfield code="e">rda</subfield>
  </datafield>
  <datafield tag="041" ind1="0" ind2=" ">
    <subfield code="a">lat</subfield>
    <subfield code="a">eng</subfield>
  </datafield>
  <datafield tag="042" ind1=" " ind2=" ">
    <subfield code="a">pcc</subfield>
  </datafield>
  <datafield tag="043" ind1=" " ind2=" ">
    <subfield code="a">e------</subfield>
    <subfield code="a">aw-----</subfield>
    <subfield code="a">ff-----</subfield>
  </datafield>
  <datafield tag="050" ind1="0" ind2="0">
    <subfield code="a">DG237.4</subfield>
    <subfield code="b">.L48 2019</subfield>
  </datafield>
  <datafield tag="082" ind1="0" ind2="0">
    <subfield code="a">937/.03</subfield>
    <subfield code="2">23</subfield>
  </datafield>
  <datafield tag="100" ind1="0" ind2=" ">
    <subfield code="a">Livy,</subfield>
    <subfield code="e">author.</subfield>
  </datafield>
  <datafield tag="240" ind1="1" ind2="0">
    <subfield code="a">Ab urbe condita.</subfield>
    <subfield code="n">Liber 9</subfield>
  </datafield>
  <datafield tag="245" ind1="1" ind2="0">
    <subfield code="a">Roman History for Latin Students :</subfield>
    <subfield code="b">Ambush at Caudium, Livy Ab Urbe Condita Book 9.1-12.328 /</subfield>
    <subfield code="c">Steven M. Cerutti.</subfield>
  </datafield>
  <datafield tag="246" ind1="3" ind2=" ">
    <subfield code="a">Ambush at Caudium, Livy Ab urbe condita book 9.1-12.328 /</subfield>
  </datafield>
  <datafield tag="263" ind1=" " ind2=" ">
    <subfield code="a">1111</subfield>
  </datafield>
  <datafield tag="264" ind1=" " ind2="1">
    <subfield code="a">New York :</subfield>
    <subfield code="b">Peter Lang,</subfield>
    <subfield code="c">2019.</subfield>
  </datafield>
  <datafield tag="300" ind1=" " ind2=" ">
    <subfield code="a">pages cm</subfield>
  </datafield>
  <datafield tag="336" ind1=" " ind2=" ">
    <subfield code="a">text</subfield>
    <subfield code="b">txt</subfield>
    <subfield code="2">rdacontent</subfield>
  </datafield>
  <datafield tag="337" ind1=" " ind2=" ">
    <subfield code="a">unmediated</subfield>
    <subfield code="b">n</subfield>
    <subfield code="2">rdamedia</subfield>
  </datafield>
  <datafield tag="338" ind1=" " ind2=" ">
    <subfield code="a">volume</subfield>
    <subfield code="b">nc</subfield>
    <subfield code="2">rdacarrier</subfield>
  </datafield>
  <datafield tag="504" ind1=" " ind2=" ">
    <subfield code="a">Includes bibliographical references.</subfield>
  </datafield>
  <datafield tag="520" ind1=" " ind2=" ">
    <subfield code="a">&quot;In the first twelve chapters of Book 9 of his Ab Urbe Condita, Livy tells the story of how, in 321 B.C., a young and untested Samnite commander named C. Pontius traps four Roman legions in the narrow mountain pass in the southern Apennines called the Caudine Forks. Stunned at his own success, he seeks the counsel of his father, who tells him that he must either let them go unscathed or slaughter them all to the man; there is no third option. For Pontius, however, turnabout is fairer play: long bristling under the jackboot of Roman saevitia et superbia, he decides to take this opportunity to inflict a little of his own. He frees the Romans, yes, but only after humiliating them by making them strip to their under-tunics and crawl beneath the yoke of the vanquished. What Pontius fails to realize is that the Romans will never suffer such indignation without answering with absolute reprisal. So, by his own foolish act of saevitia et superbia, Pontius guarantees the very outcome he was trying to avert: the destruction of his people and the ultimate hegemony of Rome throughout peninsular Italy. This gripping story of Roman honor and fortitude under fire, at a time when Rome&apos;s hegemony on the Italian peninsula was far from a foregone conclusion, is presented here for the first time in a student-friendly edition, complete with Latin text (328 lines), a full vocabulary, and a comprehensive apparatus of notes on grammatical matters and rhetorical terms&quot;--</subfield>
    <subfield code="c">Provided by publisher.</subfield>
  </datafield>
  <datafield tag="600" ind1="0" ind2="0">
    <subfield code="a">Livy.</subfield>
    <subfield code="t">Ab urbe condita.</subfield>
    <subfield code="n">Liber 9.</subfield>
  </datafield>
  <datafield tag="650" ind1=" " ind2="0">
    <subfield code="a">Caudine Forks, Battle of, Italy, 321 B.C.</subfield>
  </datafield>
  <datafield tag="651" ind1=" " ind2="0">
    <subfield code="a">Rome</subfield>
    <subfield code="x">History, Military.</subfield>
  </datafield>
  <datafield tag="700" ind1="1" ind2=" ">
    <subfield code="a">Cerutti, Steven M.,</subfield>
    <subfield code="e">editor.</subfield>
  </datafield>
  <datafield tag="985" ind1=" " ind2=" ">
    <subfield code="a">ICUCIP</subfield>
    <subfield code="d">2019-06-06</subfield>
  </datafield>
</record>