
<record>
  <leader>01841ccm a2200553 i 4500</leader>
  <controlfield tag="001">21010087</controlfield>
  <controlfield tag="005">20200103121358.0</controlfield>
  <controlfield tag="008">190601t20192016fi uul|        n  | zxx d</controlfield>
  <datafield tag="906" ind1=" " ind2=" ">
    <subfield code="a">7</subfield>
    <subfield code="b">cbc</subfield>
    <subfield code="c">copycat</subfield>
    <subfield code="d">2</subfield>
    <subfield code="e">ncip</subfield>
    <subfield code="f">20</subfield>
    <subfield code="g">y-genmusic</subfield>
  </datafield>
  <datafield tag="925" ind1="0" ind2=" ">
    <subfield code="a">acquire</subfield>
    <subfield code="b">1 shelf copy</subfield>
    <subfield code="x">policy default</subfield>
  </datafield>
  <datafield tag="955" ind1=" " ind2=" ">
    <subfield code="a">vk39 2020-01-03 z-client</subfield>
    <subfield code="i">vk39 2020-01-03</subfield>
    <subfield code="e">vk39 2020-01-03 c.1 to Music Division</subfield>
  </datafield>
  <datafield tag="955" ind1=" " ind2=" ">
    <subfield code="a">ve21 2019-06-07</subfield>
    <subfield code="b">fd11 2019-06-27 to MBAS</subfield>
  </datafield>
  <datafield tag="010" ind1=" " ind2=" ">
    <subfield code="a">  2018417636</subfield>
  </datafield>
  <datafield tag="024" ind1="2" ind2=" ">
    <subfield code="a">M550114807</subfield>
  </datafield>
  <datafield tag="024" ind1="2" ind2=" ">
    <subfield code="a">9790550114807</subfield>
  </datafield>
  <datafield tag="028" ind1="3" ind2="2">
    <subfield code="a">KL 78.722</subfield>
    <subfield code="b">Fennica Gehrman</subfield>
  </datafield>
  <datafield tag="035" ind1=" " ind2=" ">
    <subfield code="a">(OCoLC)on1097197986</subfield>
  </datafield>
  <datafield tag="035" ind1=" " ind2=" ">
    <subfield code="a">(OCoLC)1097197986</subfield>
  </datafield>
  <datafield tag="040" ind1=" " ind2=" ">
    <subfield code="a">OHX</subfield>
    <subfield code="b">eng</subfield>
    <subfield code="e">rda</subfield>
    <subfield code="c">OHX</subfield>
    <subfield code="d">ZYU</subfield>
    <subfield code="d">INU</subfield>
    <subfield code="d">OCLCF</subfield>
    <subfield code="d">EMU</subfield>
    <subfield code="d">TDF</subfield>
    <subfield code="d">DLC</subfield>
  </datafield>
  <datafield tag="042" ind1=" " ind2=" ">
    <subfield code="a">lccopycat</subfield>
  </datafield>
  <datafield tag="046" ind1=" " ind2=" ">
    <subfield code="k">2016</subfield>
    <subfield code="2">edtf</subfield>
  </datafield>
  <datafield tag="050" ind1="0" ind2="0">
    <subfield code="a">M47</subfield>
    <subfield code="b">.A</subfield>
  </datafield>
  <datafield tag="072" ind1=" " ind2="7">
    <subfield code="a">M</subfield>
    <subfield code="2">lcco</subfield>
  </datafield>
  <datafield tag="100" ind1="1" ind2=" ">
    <subfield code="a">Aho, Kalevi,</subfield>
    <subfield code="e">composer.</subfield>
  </datafield>
  <datafield tag="240" ind1="1" ind2="0">
    <subfield code="a">Solos,</subfield>
    <subfield code="n">no. 12</subfield>
  </datafield>
  <datafield tag="245" ind1="1" ind2="0">
    <subfield code="a">Solo XII for viola (2016) /</subfield>
    <subfield code="c">Kalevi Aho.</subfield>
  </datafield>
  <datafield tag="264" ind1=" " ind2="1">
    <subfield code="a">Helsinki :</subfield>
    <subfield code="b">Fennica Gehrman,</subfield>
    <subfield code="c">[2019?]</subfield>
  </datafield>
  <datafield tag="264" ind1=" " ind2="4">
    <subfield code="c">©2016</subfield>
  </datafield>
  <datafield tag="300" ind1=" " ind2=" ">
    <subfield code="a">1 score (4 leaves) ;</subfield>
    <subfield code="c">37 cm</subfield>
  </datafield>
  <datafield tag="306" ind1=" " ind2=" ">
    <subfield code="a">001315</subfield>
  </datafield>
  <datafield tag="336" ind1=" " ind2=" ">
    <subfield code="a">notated music</subfield>
    <subfield code="b">ntm</subfield>
    <subfield code="2">rdacontent</subfield>
  </datafield>
  <datafield tag="337" ind1=" " ind2=" ">
    <subfield code="a">unmediated</subfield>
    <subfield code="b">n</subfield>
    <subfield code="2">rdamedia</subfield>
  </datafield>
  <datafield tag="338" ind1=" " ind2=" ">
    <subfield code="a">volume</subfield>
    <subfield code="b">nc</subfield>
    <subfield code="2">rdacarrier</subfield>
  </datafield>
  <datafield tag="348" ind1=" " ind2=" ">
    <subfield code="a">score</subfield>
    <subfield code="2">rdafnm</subfield>
  </datafield>
  <datafield tag="382" ind1="0" ind2=" ">
    <subfield code="a">viola</subfield>
    <subfield code="n">1</subfield>
    <subfield code="s">1</subfield>
    <subfield code="2">lcmpt</subfield>
  </datafield>
  <datafield tag="383" ind1=" " ind2=" ">
    <subfield code="a">no. 12</subfield>
  </datafield>
  <datafield tag="500" ind1=" " ind2=" ">
    <subfield code="a">Title from container.</subfield>
  </datafield>
  <datafield tag="500" ind1=" " ind2=" ">
    <subfield code="a">Duration: approximately 13 min., 15 sec.</subfield>
  </datafield>
  <datafield tag="500" ind1=" " ind2=" ">
    <subfield code="a">Composed in 2016 in memoriam Einojuhani Rautavaara (1928-2016).</subfield>
  </datafield>
  <datafield tag="546" ind1=" " ind2=" ">
    <subfield code="b">Staff notation.</subfield>
  </datafield>
  <datafield tag="650" ind1=" " ind2="0">
    <subfield code="a">Viola music.</subfield>
  </datafield>
  <datafield tag="650" ind1=" " ind2="7">
    <subfield code="a">Viola music.</subfield>
    <subfield code="2">fast</subfield>
    <subfield code="0">(OCoLC)fst01167193</subfield>
  </datafield>
  <datafield tag="655" ind1=" " ind2="7">
    <subfield code="a">Art music.</subfield>
    <subfield code="2">fast</subfield>
    <subfield code="0">(OCoLC)fst01920007</subfield>
  </datafield>
  <datafield tag="655" ind1=" " ind2="7">
    <subfield code="a">Scores.</subfield>
    <subfield code="2">fast</subfield>
    <subfield code="0">(OCoLC)fst01692898</subfield>
  </datafield>
  <datafield tag="655" ind1=" " ind2="7">
    <subfield code="a">Art music.</subfield>
    <subfield code="2">lcgft</subfield>
  </datafield>
  <datafield tag="655" ind1=" " ind2="7">
    <subfield code="a">Scores.</subfield>
    <subfield code="2">lcgft</subfield>
  </datafield>
  <datafield tag="700" ind1="1" ind2=" ">
    <subfield code="a">Rautavaara, Einojuhani,</subfield>
    <subfield code="d">1928-2016,</subfield>
    <subfield code="e">honouree.</subfield>
  </datafield>
  <datafield tag="923" ind1=" " ind2=" ">
    <subfield code="d">20190603</subfield>
    <subfield code="n">0202957</subfield>
    <subfield code="s">93001286</subfield>
  </datafield>
  <datafield tag="985" ind1=" " ind2=" ">
    <subfield code="e">VENDOR LOAD</subfield>
  </datafield>
</record>