
<record>
  <leader>02470cam a22003618i 4500</leader>
  <controlfield tag="001">21011540</controlfield>
  <controlfield tag="005">20200103104357.0</controlfield>
  <controlfield tag="008">190610s2019    mau           001 0 eng  </controlfield>
  <datafield tag="906" ind1=" " ind2=" ">
    <subfield code="a">0</subfield>
    <subfield code="b">vip</subfield>
    <subfield code="c">orignew</subfield>
    <subfield code="d">1</subfield>
    <subfield code="e">ecip</subfield>
    <subfield code="f">20</subfield>
    <subfield code="g">y-gencatlg</subfield>
  </datafield>
  <datafield tag="925" ind1="0" ind2=" ">
    <subfield code="a">acquire</subfield>
    <subfield code="b">1 shelf copy</subfield>
    <subfield code="x">policy default</subfield>
  </datafield>
  <datafield tag="955" ind1=" " ind2=" ">
    <subfield code="b">rk14 2019-06-10</subfield>
    <subfield code="i">rk14 2019-06-10 telework to Dewey</subfield>
    <subfield code="w">xm09 2019-06-10</subfield>
    <subfield code="a">xn11 2020-01-03 1 copy rec&apos;d., to CIP ver.</subfield>
  </datafield>
  <datafield tag="010" ind1=" " ind2=" ">
    <subfield code="a">  2019023034</subfield>
  </datafield>
  <datafield tag="020" ind1=" " ind2=" ">
    <subfield code="a">9781507211137</subfield>
    <subfield code="q">(trade paperback)</subfield>
  </datafield>
  <datafield tag="020" ind1=" " ind2=" ">
    <subfield code="z">9781507211144</subfield>
    <subfield code="q">(ebook)</subfield>
  </datafield>
  <datafield tag="040" ind1=" " ind2=" ">
    <subfield code="a">DLC</subfield>
    <subfield code="b">eng</subfield>
    <subfield code="c">DLC</subfield>
    <subfield code="e">rda</subfield>
  </datafield>
  <datafield tag="042" ind1=" " ind2=" ">
    <subfield code="a">pcc</subfield>
  </datafield>
  <datafield tag="050" ind1="0" ind2="0">
    <subfield code="a">TX840.P7</subfield>
    <subfield code="b">C49 2019</subfield>
  </datafield>
  <datafield tag="082" ind1="0" ind2="0">
    <subfield code="a">641.5/87</subfield>
    <subfield code="2">23</subfield>
  </datafield>
  <datafield tag="100" ind1="1" ind2=" ">
    <subfield code="a">Clark, Aileen,</subfield>
    <subfield code="e">author.</subfield>
  </datafield>
  <datafield tag="245" ind1="1" ind2="4">
    <subfield code="a">The &quot;I love my instant pot&quot; affordable meals recipe book :</subfield>
    <subfield code="b">from cold start yogurt to honey garlic salmon, 175 easy, family-favorite meals you can make for under $12 /</subfield>
    <subfield code="c">Aileen Clark.</subfield>
  </datafield>
  <datafield tag="263" ind1=" " ind2=" ">
    <subfield code="a">1111</subfield>
  </datafield>
  <datafield tag="264" ind1=" " ind2="1">
    <subfield code="a">Avon :</subfield>
    <subfield code="b">Adams Media,</subfield>
    <subfield code="c">2019.</subfield>
  </datafield>
  <datafield tag="300" ind1=" " ind2=" ">
    <subfield code="a">pages cm</subfield>
  </datafield>
  <datafield tag="336" ind1=" " ind2=" ">
    <subfield code="a">text</subfield>
    <subfield code="b">txt</subfield>
    <subfield code="2">rdacontent</subfield>
  </datafield>
  <datafield tag="337" ind1=" " ind2=" ">
    <subfield code="a">unmediated</subfield>
    <subfield code="b">n</subfield>
    <subfield code="2">rdamedia</subfield>
  </datafield>
  <datafield tag="338" ind1=" " ind2=" ">
    <subfield code="a">volume</subfield>
    <subfield code="b">nc</subfield>
    <subfield code="2">rdacarrier</subfield>
  </datafield>
  <datafield tag="490" ind1="0" ind2=" ">
    <subfield code="a">&quot;I love my&quot; series</subfield>
  </datafield>
  <datafield tag="500" ind1=" " ind2=" ">
    <subfield code="a">Includes index.</subfield>
  </datafield>
  <datafield tag="520" ind1=" " ind2=" ">
    <subfield code="a">&quot;Eating well doesn&apos;t need to cost a fortune. And with the Instant Pot, it no longer requires a lot of time or effort. Now create budget-friendly meals that are fast and delicious using your favorite cooking gadget. In the &quot;I Love My Instant Pot&quot; Affordable Meals Recipe Book, Aileen Clark shows that it is possible to eat healthy, filling meals while on a budget. With 175 recipes and photos throughout, this is a must-have cookbook if you are looking for good meals that are easy on the wallet. Save money and reduce your monthly food budget with practical approaches to grocery shopping. With a cost estimate included for each recipe, you can easily stay on budget and manage your food costs ahead of time so you can be better prepared with your expenses. Featuring an easy-to-understand overview of how to use the Instant Pot, this is the perfect guide whether you are new to the Instant Pot or an expert. With satisfying, whole-food dishes for every meal of the day, this cookbook makes using the Instant Pot easier and cheaper than ever!&quot;--</subfield>
    <subfield code="c">Provided by publisher.</subfield>
  </datafield>
  <datafield tag="650" ind1=" " ind2="0">
    <subfield code="a">Pressure cooking.</subfield>
  </datafield>
  <datafield tag="650" ind1=" " ind2="0">
    <subfield code="a">Smart cookers.</subfield>
  </datafield>
  <datafield tag="655" ind1=" " ind2="7">
    <subfield code="a">Cookbooks.</subfield>
    <subfield code="2">lcgft</subfield>
  </datafield>
  <datafield tag="776" ind1="0" ind2="8">
    <subfield code="i">Online version:</subfield>
    <subfield code="a">Clark, Aileen,</subfield>
    <subfield code="t">The &quot;i love my instant pot®&quot; affordable meals recipe book</subfield>
    <subfield code="d">Avon : Adams Media, 2019.</subfield>
    <subfield code="z">9781507211144</subfield>
    <subfield code="w">(DLC) 2019023035</subfield>
  </datafield>
</record>