
<record>
  <leader>04366cam a22003858i 4500</leader>
  <controlfield tag="001">21012128</controlfield>
  <controlfield tag="005">20200103095937.0</controlfield>
  <controlfield tag="008">190610s2019    ncu      b    000 0 eng  </controlfield>
  <datafield tag="906" ind1=" " ind2=" ">
    <subfield code="a">0</subfield>
    <subfield code="b">vip</subfield>
    <subfield code="c">orignew</subfield>
    <subfield code="d">1</subfield>
    <subfield code="e">ecip</subfield>
    <subfield code="f">20</subfield>
    <subfield code="g">y-gencatlg</subfield>
  </datafield>
  <datafield tag="925" ind1="0" ind2=" ">
    <subfield code="a">acquire</subfield>
    <subfield code="b">1 shelf copy</subfield>
    <subfield code="x">policy default</subfield>
  </datafield>
  <datafield tag="955" ind1=" " ind2=" ">
    <subfield code="b">re23 2019-06-10</subfield>
    <subfield code="i">re23 2019-06-10 (telework) to Dewey</subfield>
    <subfield code="w">re09 2019-06-27 to CIP</subfield>
    <subfield code="a">xn11 2020-01-03 1 copy rec&apos;d., to CIP ver.</subfield>
  </datafield>
  <datafield tag="010" ind1=" " ind2=" ">
    <subfield code="a">  2019008663</subfield>
  </datafield>
  <datafield tag="020" ind1=" " ind2=" ">
    <subfield code="a">9781641136358</subfield>
    <subfield code="q">(paperback)</subfield>
  </datafield>
  <datafield tag="020" ind1=" " ind2=" ">
    <subfield code="a">9781641136365</subfield>
    <subfield code="q">(hardcover)</subfield>
  </datafield>
  <datafield tag="020" ind1=" " ind2=" ">
    <subfield code="z">9781641136372</subfield>
    <subfield code="q">(ebook)</subfield>
  </datafield>
  <datafield tag="040" ind1=" " ind2=" ">
    <subfield code="a">DLC</subfield>
    <subfield code="b">eng</subfield>
    <subfield code="c">DLC</subfield>
    <subfield code="e">rda</subfield>
  </datafield>
  <datafield tag="042" ind1=" " ind2=" ">
    <subfield code="a">pcc</subfield>
  </datafield>
  <datafield tag="050" ind1="0" ind2="0">
    <subfield code="a">LB1139.23</subfield>
    <subfield code="b">.C6584 2019</subfield>
  </datafield>
  <datafield tag="082" ind1="0" ind2="0">
    <subfield code="a">372.21</subfield>
    <subfield code="2">23</subfield>
  </datafield>
  <datafield tag="245" ind1="1" ind2="0">
    <subfield code="a">Contemporary perspectives on research on child development laboratory schools in early childhood education /</subfield>
    <subfield code="c">edited by Olivia N. Saracho.</subfield>
  </datafield>
  <datafield tag="263" ind1=" " ind2=" ">
    <subfield code="a">1111</subfield>
  </datafield>
  <datafield tag="264" ind1=" " ind2="1">
    <subfield code="a">Charlotte, N.C. :</subfield>
    <subfield code="b">Information Age Publishing, Inc.</subfield>
    <subfield code="c">2019.</subfield>
  </datafield>
  <datafield tag="300" ind1=" " ind2=" ">
    <subfield code="a">pages cm</subfield>
  </datafield>
  <datafield tag="336" ind1=" " ind2=" ">
    <subfield code="a">text</subfield>
    <subfield code="b">txt</subfield>
    <subfield code="2">rdacontent</subfield>
  </datafield>
  <datafield tag="337" ind1=" " ind2=" ">
    <subfield code="a">unmediated</subfield>
    <subfield code="b">n</subfield>
    <subfield code="2">rdamedia</subfield>
  </datafield>
  <datafield tag="338" ind1=" " ind2=" ">
    <subfield code="a">volume</subfield>
    <subfield code="b">nc</subfield>
    <subfield code="2">rdacarrier</subfield>
  </datafield>
  <datafield tag="490" ind1="0" ind2=" ">
    <subfield code="a">Contemporary perspectives in early childhood education</subfield>
  </datafield>
  <datafield tag="504" ind1=" " ind2=" ">
    <subfield code="a">Includes bibliographical references.</subfield>
  </datafield>
  <datafield tag="505" ind1="0" ind2=" ">
    <subfield code="a">Research and issues on child development laboratory schools / Olivia N. Saracho -- Historical development and influences of laboratory schools / Olivia N. Saracho -- A consortium of university-affiliated child development laboratories for applied developmental science : a hypothetical journey / Nancy Barbour, Andrew Stremmel, D. Reece Wilson, and Jennifer Kampmann -- Academics versus service in child development laboratory schools : complimentary and competing pressures / Brent A. McBride and Meghan Fisher -- An innovative early childhood laboratory school contemporary model / Elizabeth Schlesinger-Devlin and Megan L. Purcell -- From the scientific child to the reconceptualized child in Canadian university and college early childhood laboratory schools / Rachel Langford -- Keeping relevant in changing times : the evolution of a university laboratory school / Monica Miller-Marsh, Martha Lash, Pam Hutchins, and Rochelle Hostlerr -- The role of the child development laboratory school in a 21st century liberal education / Sharon Carnahan -- The role of laboratory preschools in the promotion of high-quality social-emotional guidance practices / Rebecca Swartz -- Early childhood teacher-as-researcher : an imperative in the age of &quot;schoolification&quot; : harnessing Dewey&apos;s concept of the laboratory school to disrupt the emerging global quality crisis in early childhood Education / Emer Ring, Lisha O&apos;Sullivan, and Marie Ryan -- Child development laboratory schools : contemporary research and future directions / Olivia N. Saracho.</subfield>
  </datafield>
  <datafield tag="520" ind1=" " ind2=" ">
    <subfield code="a">&quot;Child development &quot;laboratory schools are dedicated to research-based instruction and furthering innovation in education. Many of these schools are connected to universities, where students are able to benefit from university resources and best practices&quot; (Khan, 2014). They have been in existence on university campuses for centuries in the United States. The earliest colonial colleges (e.g., Harvard, Yale, William and Mary, University of Pennsylvania) administered Latin schools or departments to prepare students for college (Good &amp; Teller, 1973). Rutgers Preparatory School was founded in 1768 and was linked to the university until the 1950s (Sperduto, 1967). During the course of time, the laboratory schools have changed to meet the needs of the teaching professionals and have frequently guided the instructional methods to improve the science and art of teaching [International Association of Laboratory Schools (IALS), 2018]. They have also changed throughout the years from part-day, part-time programs (McBride, 1996, Myers &amp; Palmer, 2017) to full-day care, some of which is inclusive of care offered through student service funds (Keyes, 1984; Shirah, 1988)&quot;--</subfield>
    <subfield code="c">Provided by publisher.</subfield>
  </datafield>
  <datafield tag="650" ind1=" " ind2="0">
    <subfield code="a">Early childhood education</subfield>
    <subfield code="x">Research.</subfield>
  </datafield>
  <datafield tag="650" ind1=" " ind2="0">
    <subfield code="a">Early childhood teachers</subfield>
    <subfield code="x">Training of.</subfield>
  </datafield>
  <datafield tag="650" ind1=" " ind2="0">
    <subfield code="a">Laboratory schools.</subfield>
  </datafield>
  <datafield tag="700" ind1="1" ind2=" ">
    <subfield code="a">Saracho, Olivia N.,</subfield>
    <subfield code="e">editor.</subfield>
  </datafield>
  <datafield tag="776" ind1="0" ind2="8">
    <subfield code="i">Online version:</subfield>
    <subfield code="t">Contemporary perspectives on research on child development laboratory schools in early childhood education</subfield>
    <subfield code="d">Charlotte, N.C. : Information Age Publishing, Inc. 2019.</subfield>
    <subfield code="z">9781641136372</subfield>
    <subfield code="w">(DLC) 2019981280</subfield>
  </datafield>
</record>