
<record>
  <leader>04276cam a22004458i 4500</leader>
  <controlfield tag="001">21016783</controlfield>
  <controlfield tag="005">20200103155313.0</controlfield>
  <controlfield tag="008">190611s2020    pau      b    001 0 eng  </controlfield>
  <datafield tag="906" ind1=" " ind2=" ">
    <subfield code="a">0</subfield>
    <subfield code="b">vip</subfield>
    <subfield code="c">orignew</subfield>
    <subfield code="d">1</subfield>
    <subfield code="e">ecip</subfield>
    <subfield code="f">20</subfield>
    <subfield code="g">y-gencatlg</subfield>
  </datafield>
  <datafield tag="925" ind1="0" ind2=" ">
    <subfield code="a">acquire</subfield>
    <subfield code="b">1 shelf copy</subfield>
    <subfield code="x">policy default</subfield>
  </datafield>
  <datafield tag="955" ind1=" " ind2=" ">
    <subfield code="d">xm08 2019-06-14</subfield>
    <subfield code="w">xm08 2019-06-14 (telework)</subfield>
    <subfield code="a">xn11 2019-11-22 1 copy rec&apos;d., to CIP ver.</subfield>
    <subfield code="a">rl00 2019-11-26 to SMA</subfield>
    <subfield code="a">rl02 2019-11-26</subfield>
    <subfield code="e">rl02 2020-01-03</subfield>
    <subfield code="f">rl02 2020-01-03 to</subfield>
  </datafield>
  <datafield tag="010" ind1=" " ind2=" ">
    <subfield code="a">  2019024248</subfield>
  </datafield>
  <datafield tag="020" ind1=" " ind2=" ">
    <subfield code="a">9781799810902</subfield>
    <subfield code="q">(h/c)</subfield>
  </datafield>
  <datafield tag="020" ind1=" " ind2=" ">
    <subfield code="z">9781799810919</subfield>
    <subfield code="q">(eISBN)</subfield>
  </datafield>
  <datafield tag="035" ind1=" " ind2=" ">
    <subfield code="a">(DNLM)101748977</subfield>
  </datafield>
  <datafield tag="040" ind1=" " ind2=" ">
    <subfield code="a">DNLM/DLC</subfield>
    <subfield code="c">DLC</subfield>
    <subfield code="e">rda</subfield>
    <subfield code="d">DLC</subfield>
  </datafield>
  <datafield tag="042" ind1=" " ind2=" ">
    <subfield code="a">pcc</subfield>
  </datafield>
  <datafield tag="050" ind1="0" ind2="0">
    <subfield code="a">R855.3</subfield>
  </datafield>
  <datafield tag="060" ind1="1" ind2="0">
    <subfield code="a">W 83.1</subfield>
  </datafield>
  <datafield tag="082" ind1="0" ind2="0">
    <subfield code="a">610.285</subfield>
    <subfield code="2">23</subfield>
  </datafield>
  <datafield tag="245" ind1="0" ind2="0">
    <subfield code="a">Incorporating the internet of things in healthcare applications and wearable devices /</subfield>
    <subfield code="c">PB Pankajavalli and GS Karthick, editors.</subfield>
  </datafield>
  <datafield tag="263" ind1=" " ind2=" ">
    <subfield code="a">1111</subfield>
  </datafield>
  <datafield tag="264" ind1=" " ind2="1">
    <subfield code="a">Hershey, PA :</subfield>
    <subfield code="b">Medical Information Science Reference,</subfield>
    <subfield code="c">[2020]</subfield>
  </datafield>
  <datafield tag="300" ind1=" " ind2=" ">
    <subfield code="a">pages cm</subfield>
  </datafield>
  <datafield tag="336" ind1=" " ind2=" ">
    <subfield code="a">text</subfield>
    <subfield code="b">txt</subfield>
    <subfield code="2">rdacontent</subfield>
  </datafield>
  <datafield tag="337" ind1=" " ind2=" ">
    <subfield code="a">unmediated</subfield>
    <subfield code="b">n</subfield>
    <subfield code="2">rdamedia</subfield>
  </datafield>
  <datafield tag="338" ind1=" " ind2=" ">
    <subfield code="a">volume</subfield>
    <subfield code="b">nc</subfield>
    <subfield code="2">rdacarrier</subfield>
  </datafield>
  <datafield tag="504" ind1=" " ind2=" ">
    <subfield code="a">Includes bibliographical references and index.</subfield>
  </datafield>
  <datafield tag="505" ind1="0" ind2=" ">
    <subfield code="a">Health monitoring system for individuals using internet of things / Rajkumar Rajasekaran, Govinda K, Jolly Masih -- Wireless body area networks : requirements, characteristics, design consideration and challenges / Sridhar M, N. Priya, A. Muniyappan -- QoS enabled bio inspired routing protocol in internet of things based healthcare applications for energy consumption minimization / R. Vadivel, J. RamKumar -- Architecting IoT based healthcare systems using machine learning algorithms : cloud-oriented healthcare model, streaming data analytics architecture and case study / G.S. Karthick, P.B. Pankajavalli -- IoT based health services framework for endless ailment administration at remote areas / Rajkumar Rajaseskaran, Mridual Bhasin, K Govinda, Jolly Masih -- Wireless sensor network protocols, performance metrics, biosensors, and WSN in healthcare : a deep insight / Sumathi V -- Opinions on cyber security, electronic health records, and medical confidentiality : emerging Issues on internet of medical things from Nigeria / Ibrahim Adeleke, Qudrotullaah Suleiman Abdul -- Remote monitoring of heart patients using wearable IoT devices / Neelu Khare, Teja Harshini Matukumalli, Anjali Kushwaha -- Internet of things in healthcare : an extensive review on recent advances, challenges, and opportunities / Rajasekaran Thangaraj, Sivaramakrishnan Rajendar, Vidhya Kandasamy -- An intelligent IoT based health monitoring system for tribal people / N Geetha -- Integration of e-health and internet of things : e-health and internet of things / Meenakshi Sundaram B., Prema R, Jayakumar R. -- Predictive modeling for improving healthcare using IoT : role of predictive models in healthcare using IoT / Jayanthi Jagannathan, Udaykumar U. -- Big data, data mining, and data analytics in IoT-based healthcare applications / Isakki Alias Devi P., Ayya Nadar Janaki -- Internet of things based authentication mechanism for e-health applications / Kameswara Rao M., S.G. Santhi -- Privacy and security challenges in IoT-based health care applications / V. Jeevika Tharini, S.Vijayarani Tharin -- Patient health monitoring system and detection of atrial fibrillation, fall and air pollutants using IoT technologies / Rajkumar Rajaseskaran, Rishabh Jain -- Sensing platforms for prototyping and experimenting wearable continuous health monitoring systems : a quick starter point guide / Amine Boulemtafes.</subfield>
  </datafield>
  <datafield tag="520" ind1=" " ind2=" ">
    <subfield code="a">&quot;This book examines the implementation of the internet of things in healthcare applications and systems&quot;--Provided by publisher.</subfield>
  </datafield>
  <datafield tag="650" ind1="1" ind2="2">
    <subfield code="a">Telemedicine</subfield>
  </datafield>
  <datafield tag="650" ind1="1" ind2="2">
    <subfield code="a">Internet</subfield>
  </datafield>
  <datafield tag="650" ind1="2" ind2="2">
    <subfield code="a">Wearable Electronic Devices</subfield>
  </datafield>
  <datafield tag="650" ind1="2" ind2="2">
    <subfield code="a">Mobile Applications</subfield>
  </datafield>
  <datafield tag="650" ind1="2" ind2="2">
    <subfield code="a">Remote Sensing Technology</subfield>
  </datafield>
  <datafield tag="650" ind1="2" ind2="2">
    <subfield code="a">Electronics, Medical</subfield>
    <subfield code="x">trends</subfield>
  </datafield>
  <datafield tag="700" ind1="1" ind2=" ">
    <subfield code="a">Pankajavalli, P. B.,</subfield>
    <subfield code="d">1979-</subfield>
    <subfield code="e">editor.</subfield>
  </datafield>
  <datafield tag="700" ind1="1" ind2=" ">
    <subfield code="a">Karthick, G. S.,</subfield>
    <subfield code="d">1990-</subfield>
    <subfield code="e">editor.</subfield>
  </datafield>
  <datafield tag="776" ind1="0" ind2="8">
    <subfield code="i">Online version:</subfield>
    <subfield code="t">Incorporating the internet of things in healthcare applications and wearable devices</subfield>
    <subfield code="d">Hershey, PA : Medical Information Science Reference [2020]</subfield>
    <subfield code="z">9781799810919</subfield>
    <subfield code="w">(DLC) 2019024249</subfield>
  </datafield>
  <datafield tag="985" ind1=" " ind2=" ">
    <subfield code="a">NLMCIP</subfield>
    <subfield code="d">2019-06-13</subfield>
  </datafield>
</record>