
<record>
  <leader>04135cam a22004098i 4500</leader>
  <controlfield tag="001">21019805</controlfield>
  <controlfield tag="005">20200103132214.0</controlfield>
  <controlfield tag="008">190614s2019    nyu           000 0 eng  </controlfield>
  <datafield tag="906" ind1=" " ind2=" ">
    <subfield code="a">0</subfield>
    <subfield code="b">vip</subfield>
    <subfield code="c">orignew</subfield>
    <subfield code="d">1</subfield>
    <subfield code="e">ecip</subfield>
    <subfield code="f">20</subfield>
    <subfield code="g">y-gencatlg</subfield>
  </datafield>
  <datafield tag="925" ind1="0" ind2=" ">
    <subfield code="a">acquire</subfield>
    <subfield code="b">1 shelf copy</subfield>
    <subfield code="x">policy default</subfield>
  </datafield>
  <datafield tag="955" ind1=" " ind2=" ">
    <subfield code="b">rf11 2019-06-14</subfield>
    <subfield code="c">rf11 2019-06-14 to GPSE (J. Bobko) for subj expertise</subfield>
    <subfield code="d">re23 2019-07-15 (telework)</subfield>
    <subfield code="e">re23 2019-07-15 (telework) to Dewey</subfield>
    <subfield code="w">xm09 2019-07-15</subfield>
    <subfield code="a">xn11 2020-01-03 1 copy rec&apos;d., to CIP ver.</subfield>
  </datafield>
  <datafield tag="010" ind1=" " ind2=" ">
    <subfield code="a">  2019015748</subfield>
  </datafield>
  <datafield tag="020" ind1=" " ind2=" ">
    <subfield code="a">9780195161618</subfield>
    <subfield code="q">(paperback)</subfield>
  </datafield>
  <datafield tag="020" ind1=" " ind2=" ">
    <subfield code="a">9780195161601</subfield>
    <subfield code="q">(hardback)</subfield>
  </datafield>
  <datafield tag="020" ind1=" " ind2=" ">
    <subfield code="z">9780190073923</subfield>
    <subfield code="q">(epub)</subfield>
  </datafield>
  <datafield tag="020" ind1=" " ind2=" ">
    <subfield code="z">9780199721900</subfield>
    <subfield code="q">(pdf)</subfield>
  </datafield>
  <datafield tag="040" ind1=" " ind2=" ">
    <subfield code="a">DLC</subfield>
    <subfield code="b">eng</subfield>
    <subfield code="c">DLC</subfield>
    <subfield code="e">rda</subfield>
  </datafield>
  <datafield tag="042" ind1=" " ind2=" ">
    <subfield code="a">pcc</subfield>
  </datafield>
  <datafield tag="043" ind1=" " ind2=" ">
    <subfield code="a">sn-----</subfield>
  </datafield>
  <datafield tag="050" ind1="0" ind2="0">
    <subfield code="a">F2229</subfield>
    <subfield code="b">.P448 2019</subfield>
  </datafield>
  <datafield tag="082" ind1="0" ind2="0">
    <subfield code="a">980</subfield>
    <subfield code="2">23</subfield>
  </datafield>
  <datafield tag="100" ind1="1" ind2=" ">
    <subfield code="a">Penry, S. Elizabeth,</subfield>
    <subfield code="e">author.</subfield>
  </datafield>
  <datafield tag="245" ind1="1" ind2="4">
    <subfield code="a">The people are king :</subfield>
    <subfield code="b">the making of an indigenous Andean politics /</subfield>
    <subfield code="c">S. Elizabeth Penry.</subfield>
  </datafield>
  <datafield tag="263" ind1=" " ind2=" ">
    <subfield code="a">1111</subfield>
  </datafield>
  <datafield tag="264" ind1=" " ind2="1">
    <subfield code="a">New York :</subfield>
    <subfield code="b">Oxford University Press,</subfield>
    <subfield code="c">2019.</subfield>
  </datafield>
  <datafield tag="300" ind1=" " ind2=" ">
    <subfield code="a">pages cm</subfield>
  </datafield>
  <datafield tag="336" ind1=" " ind2=" ">
    <subfield code="a">text</subfield>
    <subfield code="b">txt</subfield>
    <subfield code="2">rdacontent</subfield>
  </datafield>
  <datafield tag="337" ind1=" " ind2=" ">
    <subfield code="a">unmediated</subfield>
    <subfield code="b">n</subfield>
    <subfield code="2">rdamedia</subfield>
  </datafield>
  <datafield tag="338" ind1=" " ind2=" ">
    <subfield code="a">volume</subfield>
    <subfield code="b">nc</subfield>
    <subfield code="2">rdacarrier</subfield>
  </datafield>
  <datafield tag="520" ind1=" " ind2=" ">
    <subfield code="a">&quot;The People Are King traces the transformation of Andean communities under Inca and Spanish rule. The sixteenth century Spanish resettlement policy, known as Reducción was pivotal to this transformation. Modeled on the Spanish ideal of República (self-government within planned towns) and shared sovereignty with their monarch, Spaniards in the Viceroyalty of Peru forced Andeans into resettlement towns. Andeans turned the tables on forced resettlement by making the towns their own, and the center of their social, political, and religious lives. Andeans made a coherent life for themselves in a complex process of ethnogenesis that blended preconquest ways of life (the ayllu) with the imposed institutions of town life and Christian religious practices. Within these towns, Andeans claimed the right to self-government, and increasingly regarded their native lords, the caciques, as tyrants. A series of microhistorical accounts in these repúblicas reveals that Andeans believed that commoner people, collectively called the común, could rule themselves. With both Andean and Spanish antecedents, this political philosophy of radical democracy was key to the Great Rebellion of the late eighteenth-century. Rather than focusing on well-known leaders such as Tupac Amaru, the book demonstrates through commoner rebels&apos; holographic letters that it was commoner Andean people who made the late eighteenth-century a revolutionary moment by asserting their rights to self-government. In the final chapter the book follows the commoner-lead towns of the Andes from the era of independence into the present day of the Plurinational State of Bolivia. Ayllu, Reducción, ethnogenesis, Peru, Bolivia, cacique, Tupac Amaru, comunero, revolution, microhistory&quot;--</subfield>
    <subfield code="c">Provided by publisher.</subfield>
  </datafield>
  <datafield tag="505" ind1="0" ind2=" ">
    <subfield code="a">The Genesis of an Andean Christianity and Politics -- Inca and Early Spanish Peru -- Incas and Asanaqi in Qullasuyu -- Spanish República and Inca Tyranny -- Resettlement: Spaniards Found New Towns for &quot;Indians&quot; -- The Andeanization of Spanish Institutions and Christianity -- Andeans Found Their Own Towns: The Andeanization of Reducción -- Cofradía and Cabildo in the Eighteenth Century: The Merger of Andean Religiosity and Town Leadership -- Rational Bourbons and Radical Comuneros: Civil Practices That Shape Towns -- The Revolutionary Común -- Comunero Politics and the King&apos;s Justice: The Común Takes Moral Action -- A Lettered Revolution: A Brotherhood of Communities -- The Rise of the Común and Its Legacy.</subfield>
  </datafield>
  <datafield tag="650" ind1=" " ind2="0">
    <subfield code="a">Indians of South America</subfield>
    <subfield code="x">Relocation</subfield>
    <subfield code="z">Andes Region.</subfield>
  </datafield>
  <datafield tag="650" ind1=" " ind2="0">
    <subfield code="a">Indians of South America</subfield>
    <subfield code="z">Andes Region</subfield>
    <subfield code="x">Politics and government.</subfield>
  </datafield>
  <datafield tag="650" ind1=" " ind2="0">
    <subfield code="a">Indians of South America</subfield>
    <subfield code="x">Cultural assimilation</subfield>
    <subfield code="z">Andes region.</subfield>
  </datafield>
  <datafield tag="650" ind1=" " ind2="0">
    <subfield code="a">Power (Social sciences)</subfield>
    <subfield code="z">Andes Region</subfield>
    <subfield code="x">History</subfield>
    <subfield code="y">18th century.</subfield>
  </datafield>
  <datafield tag="651" ind1=" " ind2="0">
    <subfield code="a">Andes Region</subfield>
    <subfield code="x">Politics and government</subfield>
    <subfield code="y">18th century.</subfield>
  </datafield>
  <datafield tag="651" ind1=" " ind2="0">
    <subfield code="a">Spain</subfield>
    <subfield code="x">Colonies</subfield>
    <subfield code="z">America</subfield>
    <subfield code="x">Administration.</subfield>
  </datafield>
</record>